2354 4120
464 295 624 355 ..gv-

152 670 159 675 ,
286 592 540 670 niunnrorrorr
563 611 616 672 no
642 615 795 676 corneo

466 893 611 943 onntssts.

108 1063 185 1132 Deus
207 1065 282 1151 qui,
306 1071 342 1131 ut
366 1081 495 1132 servum
518 1067 702 1151 redimeres,
725 1067 826 1133 lilium
848 1073 939 1133 tuum
952 1083 1009 1149 per

75 1175 1006 1260 marusimpiorumligariroluisti,bene†dic‚quaesumus,

73 1281 194 1363 cingula
213 1284 291 1367 ista,
313 1288 346 1349 et
358 1288 484 1368 praesta,
500 1290 536 1350 ut
551 1286 585 1349 hi
599 1285 710 1349 famuli
723 1285 783 1367 tui,
795 1285 852 1366 qui
865 1284 912 1350 els
921 1283 1010 1348 velut

73 1388 218 1470 ligamine
233 1391 447 1474 poenitentiali
470 1391 521 1457 sui
542 1392 682 1473 corporis
705 1391 884 1473 cingentur,
899 1389 1008 1455 vinou-

72 1491 168 1557 lorum
180 1494 333 1575 eiusdem
347 1493 467 1559 Domini
495 1495 595 1560 nostri
619 1495 695 1560 lesu
717 1493 834 1560 Christi
851 1498 1006 1574 perpetuo

71 1616 223 1667 memores
238 1600 380 1667 existant
405 1606 437 1669 et
460 1601 494 1665 in
517 1600 628 1668 ordine
646 1619 742 1684 quem
755 1605 935 1684 assumunt,
949 1617 1007 1682 pe·

71 1707 205 1773 renniter
218 1712 438 1790 perseverent,
452 1707 582 1791 tuisque
594 1725 667 1774 cum
680 1709 793 1775 affectu
804 1723 930 1788 semper
950 1706 1006 1771 ob·

71 1814 183 1894 segnis
216 1831 256 1880 se
280 1813 425 1895 alligatos
455 1821 525 1879 csse
548 1821 749 1896 cognoscant.
780 1816 837 1881 Per
859 1813 1007 1880 eumdem

70 1920 222 1989 Christum
240 1920 410 1986 Dominum
423 1924 699 1990 nostrumlmen.
816 1940 817 1943 ’

105 2056 160 2121 Les
173 2055 320 2122 oraisons
332 2056 436 2139 finies,
459 2055 491 2122 le
512 2057 674 2123 Celebrant
690 2035 784 2138 apant
797 2053 859 2119 mis
872 2054 913 2118 de
926 2052 1005 2118 l'cn·

70 2178 137 2228 oens
150 2164 234 2228 dans
246 2162 449 2247 l'encensoir‚
466 2180 599 2246 asperge
611 2163 703 2228 d'eau
721 2161 828 2228 benite
837 2162 885 2226 les
893 2165 1004 2241 postu-

70 2267 144 2336 lants
169 2270 258 2336 ainsi
286 2288 350 2354 que
371 2271 493 2353 liubit,
506 2272 585 2355 qu’il
598 2286 735 2336 oncense
749 2269 789 2333 de
803 2267 880 2333 trois
893 2284 1003 2348 coups

70 2376 192 2444 lePere
207 2381 325 2444 maitre
347 2383 380 2444 et
401 2378 449 2444 les
471 2380 609 2461 acolytos
622 2375 820 2457 depontllent
833 2375 880 2439 les
894 2378 1004 2455 postu-

70 2480 144 2549 lants
157 2486 199 2551 de
213 2486 303 2551 leurs
317 2485 423 2551 habits
437 2487 480 2551 du
494 2488 621 2568 monde,
645 2486 784 2567 pendant
798 2499 862 2567 que
874 2481 906 2549 le
919 2481 1003 2547 cele-

69 2587 215 2657 brantdit
230 2593 387 2656 achaeum
403 2609 443 2657 en
456 2590 659 2672 particulior:
691 2600 723 2705 ‘⁶

103 2697 201 2764 Druat
224 2703 258 2765 te
287 2697 436 2764 Dominus
458 2704 599 2764 veterem
614 2697 776 2763 hominem
790 2713 864 2763 cum
877 2695 1002 2762 actibus

70 2800 139 2866 suis.
154 2802 267 2868 Amen.

102 2936 144 3002 Dn
157 2937 229 3004 leur
242 2940 383 3001 mettant
394 2936 425 3000 la
438 2936 573 3020 turrique
590 2959 597 3000 :

104 3070 212 3134 loduat
226 3077 259 3136 te
270 3068 420 3135 Dominus
433 3086 553 3135 novum
567 3070 741 3152 hominem,
752 3069 809 3152 qui
823 3070 1001 3136 secundum
1096 3158 1101 3167 ι
1157 3146 1158 3153 ¹

70 3174 159 3240 Deum
173 3183 299 3243 creatus
324 3181 374 3241 est
396 3176 574 3259 iniustitia
601 3183 634 3244 et
657 3176 822 3244 sanctitate
845 3177 999 3244 veritatis.

70 3283 168 3348 lmen.

104 3416 239 3484 leniant
251 3419 351 3500 qu’on
364 3433 497 3500 arrange
506 3418 628 3502 l’habit‚
638 3420 669 3486 lc
678 3419 842 3487 Celebrant
850 3420 906 3486 fait
916 3426 1000 3489 cette

73 3523 183 3603 priene:

108 3657 232 3728 Domine
251 3660 329 3729 lesu
349 3659 483 3746 Christe,
510 3662 568 3747 qui
589 3661 719 3730 dixisti:
748 3663 866 3745 logum
888 3675 997 3727 meum
