2354 4120
557 296 724 347 ..ΧΠ-

171 422 232 488 hoo
255 418 420 486 occasione
440 416 523 485 inter
546 415 679 499 Fratres,
703 413 754 483 vel
777 414 818 482 de
838 413 996 483 Fratribus
1018 431 1123 483 scarr-

172 530 281 597 dalum
295 527 424 595 oriatur.

243 743 285 810 Do
299 740 448 808 coortum
461 740 548 805 inter
561 738 738 805 Sarracenos
751 746 781 805 ot
793 739 876 806 olion
890 739 1043 822 lottdolos

419 948 643 1001 ndonncmdrr
663 948 863 998 CAPITULUM.

212 1116 410 1198 Quicumque
418 1114 558 1180 Fratmm
567 1114 675 1180 divina
683 1114 1056 1196 inspirationevoluerint
1064 1118 1115 1186 ire

170 1225 254 1291 inter
275 1224 443 1289 Smaoenm
466 1226 499 1287 et
520 1221 600 1287 alios
621 1220 777 1303 infideles,
798 1226 906 1303 potant
919 1221 994 1288 inde
1008 1223 1113 1289 licen-

169 1334 245 1400 tiam
256 1332 352 1399 esuis
365 1331 511 1397 llinistris
519 1329 775 1396 Provincialibus
786 1330 917 1403 Ministri
927 1335 1001 1397 vero
1010 1330 1113 1398 nullis

171 1441 270 1508 eundi
291 1440 453 1506 licentiam
474 1438 627 1521 tribuant,
642 1437 704 1504 nisi
718 1438 776 1521 eis,
792 1456 872 1521 quos
886 1438 1023 1505 viderint
1037 1457 1112 1507 esse

170 1549 302 1615 idoneos
323 1548 364 1612 ad
386 1532 587 1612 mittendum.
604 1546 650 1611 ld
670 1545 739 1611 haec
759 1562 816 1626 per
829 1545 1043 1611 obedientiam
1057 1547 1109 1612 in-

167 1655 269 1737 J'ungo
290 1652 449 1735 llinistris,
473 1657 510 1717 ut
532 1656 641 1733 petant
663 1653 682 1715 a
705 1651 835 1719 Domino
859 1654 1055 1737 Papaunum
1070 1655 1112 1721 de

170 1763 293 1828 Sanctae
306 1761 454 1826 Romanae
468 1758 614 1823 Ecclesiae
627 1756 854 1841 cardinalibus,
865 1759 921 1840 qui
936 1760 977 1824 sit
989 1760 1111 1826 Guber-

170 1875 272 1953 nator,
296 1871 456 1935 Protector
475 1872 508 1933 et
531 1867 689 1933 corrector
708 1867 801 1933 istius
821 1868 1050 1953 FraternitatiS,
1074 1878 1110 1936 ut

170 1993 296 2058 semper
316 1974 446 2057 subditi,
469 1979 501 2041 et
522 1973 656 2054 subjecti
680 1974 816 2056 pedibus
830 1975 973 2056 eJ'usdem
988 1977 1109 2043 Sanctae

169 2084 317 2149 Romanae
329 2080 488 2163 lloolesiae,
508 2080 636 2146 stabiles
650 2080 684 2145 in
698 2081 772 2147 Fide
786 2082 953 2165 catholica,
968 2101 1104 2165 pauper·

169 2195 268 2258 tatem
282 2194 314 2256 et
327 2188 552 2271 humilitatem,
567 2193 600 2253 ei
610 2188 757 2253 Sanctum
770 2189 976 2270 Evangelium
985 2191 1106 2257 Domini

169 2297 268 2364 nostri
285 2299 360 2363 lesu
373 2295 498 2378 Christi,
515 2296 600 2378 quod
616 2295 748 2362 firmiter
761 2296 977 2381 promisimus,
995 2300 1105 2366 ohser-

170 2422 293 2471 vernus.

312 2616 578 2698 Confirmatiorris
590 2616 716 2725 nepotc
725 2618 903 2684 conclusio:

207 2807 294 2873 Nulli
304 2822 381 2887 ergo
396 2805 525 2871 omnino
540 2805 706 2871 hominum
728 2806 832 2892 liceat,
854 2810 936 2876 hanc
955 2811 1101 2893 paginam

168 2922 285 2983 nostrae
292 2913 538 2982 confirmationis
547 2911 732 2994 infringere,
744 2913 795 2978 rel
804 2913 834 2979 ei
844 2930 925 2979 ausu
935 2917 1099 2982 temerario

166 3009 330 3090 contraire.
352 3023 383 3088 Si
397 3021 469 3105 quis
483 3025 592 3086 autem
603 3020 665 3085 hoo
679 3025 834 3087 attentare
847 3023 1094 3107 praesumpserit,

165 3131 417 3225 indignationem
431 3129 661 3210 omnipotentis
676 3129 742 3212 Dei,
759 3134 791 3196 et
804 3130 970 3196 Beatornm
982 3132 1060 3197 Petri
1069 3140 1101 3198 et

165 3239 252 3305 Pauli
266 3238 485 3320 Apostolorum
498 3236 579 3320 ejuS,
593 3253 628 3302 se
642 3236 765 3302 noverit
779 3237 992 3303 incursurum.

87 3431 90 3439 „
205 3349 318 3412 Datum
330 3347 485 3429 Laterani,
500 3346 594 3411 tertio
608 3345 758 3413 kalendas
772 3345 961 3429 Decembris,
976 3348 1097 3414 Pontifi-

163 3457 252 3521 catrls
266 3452 365 3520 nostri
376 3470 458 3519 anno
473 3458 594 3519 octavo.
