2354 4120
531 290 570 305 -
590 270 727 322 xpri-

199 386 238 473 11.
258 390 295 455 nt
308 389 425 455 elamor
439 401 575 455 meus...'
585 393 645 454 ete.

197 496 229 579 i.
252 496 402 592 Dominus
415 496 592 561 vobiscum.

197 603 231 688 11.
255 605 377 670 lituum
392 603 507 685 Spiritu
522 609 588 670 tuo.

552 853 697 903 OREMU&

194 1022 323 1089 Domine
336 1024 411 1089 Jesu
438 1020 643 1104 curisteum
661 1027 813 1102 tegumen
839 1025 956 1088 nostrae
977 1026 1094 1087 morta-

154 1130 253 1197 litatis
276 1132 409 1198 induere
432 1130 581 1212 dignatus
605 1146 652 1214 es,
679 1130 881 1196 obsecramus
906 1131 1095 1197 immensam

155 1243 220 1303 tuae
234 1237 390 1319 largitatis
405 1237 631 1303 abundantiam
644 1240 679 1300 ut
695 1236 756 1302 hoe
778 1252 880 1318 genus
903 1237 1097 1322 indumenti,

156 1347 241 1428 quod
256 1347 356 1412 sancti
370 1350 476 1429 patres
490 1346 529 1410 sd
549 1344 740 1409 innocentiae
754 1349 786 1411 et
809 1344 999 1410 humilitatis
1012 1345 1099 1410 indi-

155 1455 251 1539 eium,
267 1454 526 1520 abrenuntiantes
539 1451 615 1517 huie
629 1452 745 1517 saeeulo
761 1452 843 1519 ferre
857 1458 1040 1536 sanxerunt,
1051 1453 1099 1519 ito

153 1559 822 1651 1111111111,11111111111111113111111,
839 1565 875 1626 111
893 1559 946 1627 hic
958 1553 1099 1629 famulus

154 1677 230 1737 tuus
244 1670 300 1752 qui
322 1674 438 1735 sanetae
460 1667 634 1749 Religionis
658 1667 813 1752 habitum,
834 1669 896 1752 piae
919 1670 1100 1737 devotionis

153 1778 267 1845 affeetu
289 1792 451 1843 assumere
472 1775 618 1857 intendit,
634 1779 675 1854 tte
689 1774 775 1842 intus
794 1776 949 1842 veraciter
961 1777 1099 1846 induere

152 1884 322 1951 mereatur.
339 1883 397 1961 Qui
411 1880 494 1947 viris
509 1886 542 1947 11
556 1896 671 1961 regnas
687 1898 762 1947 oum
774 1882 837 1950 neo
854 1883 954 1968 Patre,
971 1883 1006 1952 in
1022 1884 1097 1952 uni-

152 1996 218 2060 1111
230 1991 362 2076 Spiritus
376 1989 479 2059 Sancti
491 1991 584 2057 Dens.
598 1989 709 2057 Amen.

371 2382 626 2466 mensuremus
651 2408 704 2465 uo
730 2406 877 2465 coenon
938 2375 940 2380 ’

548 2607 690 2661 ornnes,
714 2586 716 2590 ⁴
807 2660 809 2675 ,

187 2752 280 2838 Dens,
295 2751 351 2837 qui
374 2758 411 2820 ut
433 2770 562 2820 servum
580 2754 764 2841 redimeres
788 2752 890 2817 filium
910 2755 1003 2817 tuum
1032 2767 1092 2833 per

145 2858 1090 2945 munusimpiorumligerivoluisti,bene†dic‚quaesumuS,

145 2965 311 3047 cingulum
324 2966 410 3032 istud
421 2971 453 3033 et
467 2971 593 3047 presta,
603 2972 645 3031 ‘ut
668 2964 721 3031 hic
734 2964 870 3029 famulus
884 2969 960 3030 tuus
978 2964 1035 3047 qui
1050 2981 1090 3032 eo

144 3073 233 3140 velut
246 3073 397 3155 ligamine
409 3073 619 3156 poenitentiali
635 3072 686 3138 sui
696 3072 835 3154 eorporis
845 3073 1004 3157 cingetur,
1019 3074 1089 3141 rin·

144 3180 288 3246 oulormn
302 3180 446 3262 eJusdem
459 3180 582 3247 Domini
595 3180 696 3246 nostri
708 3181 783 3247 Jesu
802 3181 916 3247 Christi
929 3188 1094 3263 perpetuo
1108 3228 1113 3235 -

144 3303 266 3353 memor
280 3287 404 3370 existat,
421 3293 453 3354 11
467 3288 501 3353 in
514 3288 630 3355 Ordine
644 3305 740 3371 quem
754 3288 886 3354 assumit
901 3289 1087 3372 perenniter
1163 3360 1164 3371 ¹

143 3399 336 3478 perseveret,
361 3395 500 3480 tuisque,
525 3413 599 3461 cum
621 3395 746 3479 affectu,
771 3412 897 3479 semper
921 3396 1085 3479 obsequiis

143 3519 179 3569 se
193 3502 358 3584 alligatum
372 3520 443 3571 esse
467 3508 647 3585 eognoscat.
673 3504 730 3572 Per
752 3504 901 3575 eumdem
925 3503 1083 3576 Christum
1162 3518 1163 3541 ³

144 3610 310 3705 Dominum
324 3617 479 3682 nostrum.
495 3613 605 3682 Amen.
653 3694 661 3707 „
