2354 4120
437 336 623 393 -Lt'rr-

106 459 136 545 i.
158 459 290 528 Domine
303 440 604 527 exaudiorationem
617 476 735 530 meam.
763 543 765 549 Ι

102 569 135 652 ri.
157 571 194 635 iit
207 553 329 636 clarnor
341 587 433 636 meus
446 570 485 635 ed
495 574 527 636 te
541 570 658 636 veniat.

103 677 134 760 i.
156 679 311 745 Dominus
325 678 502 744 vobiscum.

102 785 136 869 N.
156 786 192 853 Et
206 804 284 854 cum
294 771 410 868 'spiritu
425 789 492 852 tuo.

458 1034 604 1091 OREMUS.

95 1216 288 1300 Najestatem
302 1220 401 1299 tuam,
417 1215 556 1298 Domine,
572 1214 758 1297 suppliciter
773 1230 943 1282 exoramus
958 1222 994 1282 ut

60 1321 185 1390 famulos
199 1330 276 1388 tuos
290 1324 323 1388 N.
337 1323 373 1387 N.
384 1321 513 1404 quibus,
525 1323 565 1387 de
575 1326 630 1386 tua
650 1321 752 1401 gratia
769 1330 999 1403 praesumentes

61 1437 167 1497 nostrae
182 1430 363 1513 Religionis
373 1431 518 1496 habitum
528 1430 751 1514 imposuimus,
763 1431 904 1512 digneris
914 1432 998 1498 inter

64 1539 227 1623 discipulos
248 1544 323 1606 tuos
338 1540 455 1611 virtute
471 1556 511 1605 ex
527 1539 589 1603 alto
612 1539 756 1621 induere,
779 1539 912 1620 Jusritiae
935 1547 999 1606 tuee

64 1645 151 1713 lorica
172 1648 304 1713 munire
326 1652 359 1712 et
373 1645 483 1712 salutis
499 1650 664 1729 protegere
679 1644 881 1728 vestimento,
898 1652 933 1711 ut
947 1647 996 1712 in-

64 1757 238 1821 tercedente
252 1756 393 1821 beatoP.
410 1756 446 1818 N.
468 1754 642 1836 Francisco,
658 1755 836 1820 confessore
850 1760 919 1838 tuo,
936 1756 996 1820 sub

62 1858 243 1928 humilitatis
267 1866 358 1927 veste
374 1860 434 1926 tibi
452 1864 690 1942 perseveranter
707 1861 935 1943 deservientes
954 1863 994 1925 ad
1029 1852 1031 1855 ’

64 1967 168 2033 stolam
189 1967 441 2034 immortalitatis
456 1972 488 2033 et
503 1967 612 2048 gloriae
626 1967 791 2048 pervenire
802 1972 994 2035 mereantur.

63 2071 114 2139 Por
125 2076 336 2143 Christum...
353 2076 462 2142 Arnen.

458 2303 602 2353 OREMUS.

100 2477 228 2545 Domine
249 2478 328 2544 Jesu
341 2476 475 2559 Christe,
500 2477 556 2558 qui
578 2477 672 2542 heato
687 2475 777 2541 Petro
791 2473 1001 2556 apostolocae

67 2582 240 2664 significans
254 2601 321 2666 qua
339 2588 441 2649 morte
455 2583 681 2649 clarificaturus
694 2587 779 2648 esset
792 2582 903 2664 Deum,
918 2600 1000 2663 prae

67 2689 164 2756 dixisti
177 2709 235 2774 per
247 2691 349 2756 aliurn
362 2690 397 2754 in
411 2695 575 2756 senectute
589 2690 696 2771 ipsum
709 2688 776 2754 iore
791 2689 998 2770 cingendum,

69 2798 191 2866 famulos
206 2808 284 2866 tuos
293 2801 405 2865 iratres
414 2803 538 2864 nostros
549 2800 582 2862 N.
598 2799 633 2863 N.
650 2814 731 2879 quos
745 2797 875 2877 cingulo
885 2800 1002 2862 nostrae

69 2903 264 2973 fraternitatis
290 2906 527 2988 praecinximuS,
549 2909 605 2971 tua
624 2921 822 2987 quaesumus,
846 2903 1000 2969 charitate

69 3014 239 3096 praecinge3
266 3013 316 3078 tui
338 3012 476 3077 nominis
502 3017 591 3076 metu
613 3011 743 3076 salutari
764 3008 957 3092 constringe,
971 3018 1005 3075 et

71 3121 155 3186 corda
168 3138 281 3187 eorum
292 3118 530 3199 regutarialliga
539 3117 716 3199 disciplina,
728 3122 764 3180 ut
773 3117 883 3181 tueeis
897 3116 1002 3197 opitu-

73 3221 148 3292 lante
161 3227 277 3308 gratia,
290 3226 387 3292 soluti
402 3230 434 3290 et
448 3224 572 3290 liberati
589 3242 608 3288 a
627 3224 758 3305 mundo,
771 3228 891 3305 tuoque
904 3224 1004 3290 vincti

76 3333 203 3415 sortitio,
223 3335 258 3398 in
278 3333 402 3398 Ordinis
425 3348 521 3414 quem
537 3334 777 3411 assumpserunt
792 3331 1003 3415 observantia,

77 3452 166 3520 usqne
180 3440 213 3506 in
222 3442 322 3507 finem
327 3439 448 3523 jugiter
458 3426 672 3521 perseverent.
686 3438 744 3516 Qui
755 3437 837 3503 vivis
848 3444 880 3504 et
890 3456 1004 3520 regnas

77 3542 226 3616 insaecula
241 3550 442 3616 saeculorum.
459 3549 568 3615 Arnen.

111 3680 148 3748 ie
159 3683 269 3768 Deum,
284 3686 425 3783 pendant
438 3684 469 3751 la
481 3684 645 3752 recitation
659 3684 779 3767 doquel
798 3684 830 3751 le
844 3684 1005 3752 celebrent
