2354 4120
596 277 731 331 ...L-

234 402 275 471 'le
289 416 346 483 per
360 399 469 465 orbem
483 402 657 464 terrerum:
682 402 789 464 sancte
803 398 970 467 confitetur
981 398 1138 469 Ecclesia.

234 512 373 575 Patrem:
389 507 555 595 immensae
568 505 754 587 majestatis.

225 617 445 684 venerandum
458 619 551 683 tunm
563 631 686 698 verum,
702 620 733 680 et
748 615 880 683 unicum
892 617 1018 685 lilium.

232 728 381 793 Sanctum
395 740 538 807 qnoque:
555 723 750 789 Paracletum
764 724 926 806 Spiritum.

230 832 276 895 ‘lu
290 832 375 896 Rex:
393 826 516 910 glorie,
534 825 665 892 Christe.

231 938 275 1002 lu
289 935 404 1001 Patris:
421 932 634 1014 sempiternus
648 934 683 1000 es'
697 933 803 999 lilius.

231 1046 277 1111 Tu
290 1043 541 1109 edliberandum
555 1047 761 1140 suscepturus
772 1043 955 1109 bominem:
978 1060 1044 1109 non
1058 1045 1140 1109 bor-

191 1150 284 1217 ruisti
298 1149 435 1231 Virginis
450 1154 591 1216 uterum.

229 1259 284 1340 Tu,
300 1256 425 1322 devicto
452 1255 565 1321 mortis
592 1256 721 1324 aculeo:
748 1256 901 1338 aperuisti
929 1256 1140 1323 credentibus

190 1364 464 1447 regnaooelorum.
1062 1351 1065 1357 ’

228 1473 273 1537 Tu
287 1471 327 1536 ed
343 1470 506 1535 dexteram
520 1467 576 1534 Dei
590 1468 682 1535 sedes
695 1469 749 1534 :in
762 1468 985 1551 gloriareris.

230 1580 352 1645 ludex:
366 1577 505 1643 crederis
518 1591 590 1642 esse
603 1581 769 1642 venturus.

228 1683 269 1748 Te
283 1686 370 1767 ergo,
382 1699 577 1766 quesumus,
588 1683 716 1750 famulis
729 1683 793 1749 tuis
808 1683 943 1750 subveni
953 1705 961 1747 :
973 1698 1054 1764 qnos
1063 1698 1137 1763 pre

189 1792 270 1858 tioso
285 1790 440 1873 sanguine
454 1790 627 1858 redemisti.

228 1898 352 1963 AEterne
361 1897 409 1962 lec
423 1913 497 1962 cum
506 1897 623 1963 sanctis
637 1897 702 1979 tuis
715 1897 750 1961 in
762 1896 863 1978 glorie
877 1896 1048 1963 numereri-

230 2004 358 2070 Selvnm
379 2003 428 2068 fec
454 2004 608 2086 populum
638 2007 743 2086 tunm,
768 2001 917 2068 Domine:
942 2007 975 2069 et
997 2001 1135 2069 benedic
1168 2012 1169 2015 ’

52 2090 58 2097 ’
190 2113 457 2197 temulentae.

228 2223 264 2286 llt
278 2235 354 2301 rege
368 2236 443 2284 eos:
459 2223 492 2285 et
507 2218 623 2284 extolle
636 2217 721 2302 illos,
736 2216 887 2301 usquein
901 2221 1068 2283 oeternum.

228 2329 287 2393 Per
300 2313 444 2407 singulos
458 2325 527 2390 dies
541 2324 760 2391 benedicimus
770 2328 813 2389 te.

227 2436 264 2502 nt
278 2435 445 2501 laudemus
457 2450 576 2499 nomen
590 2440 682 2499 tuum
698 2432 732 2497 in
746 2431 917 2498 seculum:
934 2436 967 2498 et
981 2432 1015 2498 in
1029 2450 1130 2501 saecu-

187 2543 257 2608 lnm
270 2541 390 2606 saeculi.
1165 2558 1166 2573 r

228 2649 374 2732 Dignere,
391 2648 532 2732 Domine,
547 2647 600 2714 die
613 2647 691 2714 isto:
718 2647 789 2714 sine
801 2651 931 2730 peccato
946 2664 1005 2713 nos
1019 2653 1127 2714 custo·
1164 2692 1165 2723 t

189 2756 268 2822 dire.

228 2862 373 2928 Miserere
386 2861 497 2945 nostri,
512 2861 828 2933 bomineamiserere
842 2864 951 2927 nostrl.
1049 2899 1051 2903 >
1163 2848 1164 2925 l

228 2969 294 3036 Fiet
313 2969 527 3035 misericordie
549 2973 616 3052 tue,
637 2968 779 3053 bomine,
803 2984 990 3051 supernos:
1016 2986 1127 3050 quern-
1160 2994 1163 3107 ¹

188 3077 358 3144 admodum
372 3074 569 3157 speravimus
582 3075 616 3140 in
630 3079 673 3140 te.

227 3187 262 3251 ln
277 3190 320 3267 te,
336 3184 477 3267 Domine,
493 3183 633 3265 speravi:
650 3200 714 3248 non
727 3183 901 3250 confundor
914 3183 948 3248 in
958 3187 1123 3251 aeternnm.

224 3320 323 3402 Apros
335 3317 367 3384 le
378 3319 420 3384 le
432 3319 541 3401 Deum,
558 3316 589 3383 le
603 3317 764 3383 celebrent
784 3318 882 3383 recite
894 3316 942 3384 les
957 3323 1078 3384 versets
1093 3324 1125 3385 et

185 3425 904 3510 oraisonsqnisolvent,tournerersl'autel:
1000 3454 1004 3461 ·
1108 3422 1110 3431 ’

227 3538 262 3624 l.
284 3535 509 3605 benedicamus
544 3535 666 3624 Patrem
698 3541 731 3602 et
765 3533 881 3602 Filium
910 3553 985 3602 curn
1012 3537 1124 3605 Sancto

186 3646 315 3721 Soiritu.
