2354 4120
564 306 767 357 ..xvm-

430 500 587 580 QUINQUE
630 500 902 569 nnNdnldvloan

466 704 492 752 S.
505 706 535 752 P.
550 702 672 751 NOSTRI
681 702 864 753 FRANGISGI.

114 926 116 931 4
236 848 337 913 Prima
351 848 530 914 Benedictio
540 849 633 913 datur
647 847 806 913 Fratribus
820 848 949 915 habitus
960 867 1036 915 suos
1045 867 1146 932 repe-

195 955 348 1022 tiantibus
365 956 453 1038 (Coo.
469 954 653 1037 nitedula).

236 1065 389 1147 Secunda,
417 1064 692 1145 Quadragesimam
732 1064 854 1130 Domini
889 1065 929 1130 ab
965 1064 1146 1147 Epiphania

197 1173 362 1253 usquead
387 1172 553 1237 continuos
587 1171 796 1253 qnadraginta
820 1171 888 1237 dies
919 1171 1145 1253 jejunantibus

197 1279 286 1362 (Caso.
304 1298 343 1343 ΠΙ
356 1278 507 1360 fleqotoe).

233 1386 346 1469 Tertia,
362 1388 595 1452 Testamentum
618 1384 720 1466 ipsius
742 1385 986 1450 observantibus
1003 1385 1058 1468 (Io
1071 1390 1143 1466 doe

200 1493 415 1575 Testamenti).

237 1599 362 1681 Quarta,
378 1598 522 1680 exempla
531 1599 614 1664 bona
629 1598 716 1663 intus
735 1603 767 1664 et
789 1598 864 1664 foris
880 1597 1039 1680 dantibus,
1054 1602 1088 1663 et
1102 1615 1144 1664 ea

197 1707 302 1788 quaea
317 1704 408 1770 bonis
422 1703 582 1769 Fratribus
595 1705 747 1769 aedifieata
771 1709 856 1786 sunt,
879 1704 1141 1771 conservantibus

197 1818 230 1879 et
242 1811 501 1895 promoventibus
516 1813 571 1895 (Io
584 1813 757 1895 debendo).

237 1921 361 2003 Quinta,
377 1921 417 1986 iis
442 1922 498 2003 qui
527 1926 656 1986 suntet
681 1924 774 1986 erunt
799 1922 894 1988 zelosi
916 1922 1138 1989 observatores

195 2030 336 2112 Regula,
352 2046 389 2094 ao
398 2028 601 2110 professionis
610 2045 677 2094 suae
694 2028 855 2111 (Ibidem).

195 2221 335 2284 Summo
341 2219 493 2300 perfectio
503 2220 597 2281 istius
611 2218 736 2299 nequtoe
750 2219 789 2281 in
810 2237 866 2282 serr
883 2220 947 2283 olis
960 2220 1137 2301 sodomiticis

345 2326 479 2406 mystice
493 2325 621 2388 uidetur
643 2324 813 2405 romolono
817 2345 829 2404 ,·
843 2324 986 2390 scilieet:

237 2485 273 2549 In
287 2482 469 2548 omnimoda
482 2482 680 2548 Obedientia.

201 2676 204 2681 y
232 2592 273 2656 in
282 2595 467 2672 paupertate
482 2591 681 2670 Evangelioa.

239 2700 272 2764 In
286 2697 432 2763 castitate
447 2696 667 2776 mundissima,
684 2697 935 2763 etimmaoulata.

239 2807 273 2871 In
289 2804 470 2870 Humilitate
484 2803 694 2885 protendisse,
711 2808 743 2868 et
756 2804 978 2885 abjectissima.

240 2915 274 2978 In
288 2910 493 2994 Simplicitate
507 2910 658 2993 perfecta,
670 2917 702 2977 et
713 2911 904 2978 columbina.

239 3022 274 3086 in
283 3020 437 3086 charitate
453 3018 626 3099 seraphina.

575 3185 766 3203 m

195 3338 395 3419 Siooolort'o
407 3333 589 3430 Prioilooo‘o
602 3335 777 3414 tumuerant
790 3349 848 3412 per
860 3330 897 3395 B.
913 3330 1133 3411 domesticum,

238 3452 267 3509 at
289 3444 394 3508 eidem
415 3461 475 3524 nro
504 3441 624 3506 Ordine
642 3460 711 3524 suo,
735 3449 765 3504 at
784 3458 860 3504 euno
886 3439 1137 3521 ditiqontibos,d

228 3553 366 3615 domino
377 3552 444 3615 Deo
462 3550 594 3614 colluto.

228 3660 331 3727 Refert
346 3658 497 3725 Dominus
524 3657 691 3740 Gregorius
719 3658 800 3739 Papa
829 3636 865 3721 IX
879 3670 914 3719 se
942 3651 1131 3720 audivisset
