2354 4120
475 317 627 366 ...pfl-2,

80 451 217 518 cumque
237 436 464 518 contirones,
481 435 537 517 qui
558 434 673 501 scirent
687 439 720 502 et
733 441 973 519 cognoscerent,
983 453 1025 504 -se

8 596 16 608 .
79 560 143 608 non
166 559 259 625 posse
278 542 438 624 Regulam
460 541 666 624 spiritualiter
688 542 869 627 ohservare,
894 545 1024 610 adsuos

78 648 236 714 tiinistros
260 650 412 731 debeant,
433 654 465 715 et
478 648 601 730 possint
615 665 786 716 recurrero.
802 649 934 716 Ministri
947 656 1023 741 uero

78 756 267 823 charitative
276 762 309 822 et
317 756 458 837 henigne
467 773 522 822 eos
532 757 697 840 recipiant,
709 761 742 822 et
755 762 874 823 tantam
888 759 1022 824 familia-

77 864 207 930 ritatem
231 863 370 929 habeant
392 863 474 928 circa
496 864 592 946 ipsos
617 867 653 929 ut
674 863 780 930 dicere
793 863 916 946 possint
930 865 977 931 eis
991 870 1024 933 et
1134 930 1141 942 ,

76 971 194 1053 tacere,
222 970 304 1035 sicut
327 970 450 1035 Domini
471 969 572 1036 servis
586 969 664 1036 suis.
679 971 757 1035 Nam
769 970 813 1035 ita
828 972 923 1037 dehet
938 989 1021 1056 esse,

76 1081 163 1160 quod
177 1077 311 1143 Ministri
325 1078 390 1142 sint
404 1078 487 1143 servi
501 1078 644 1143 omnium
658 1080 811 1143 Fratrum.
823 1078 931 1144 Moneo
946 1082 1021 1144 vero

74 1190 105 1250 et
119 1187 271 1252 exhortor
283 1185 318 1249 in
332 1184 462 1250 homino
471 1185 546 1250 Jesu
560 1185 692 1267 Christo,
704 1189 740 1250 ut
755 1190 887 1251 caveant
900 1185 1022 1252 Fratres

74 1294 112 1359 ab
134 1294 224 1358 omni
238 1293 401 1375 superbia,
417 1293 610 1377 vanegloria,
626 1293 757 1376 invidia,
773 1294 917 1376 avaritie,
932 1298 1018 1376 cura,

72 1406 104 1467 ct
117 1401 338 1468 sollicitudine
348 1400 444 1481 huJus
453 1401 574 1484 saeculi,
586 1402 781 1468 detractione
794 1407 827 1468 et
841 1419 1021 1468 murmura·

76 1510 222 1576 tioneitt
230 1525 295 1573 non
303 1514 414 1574 curent
423 1508 602 1573 nescientes
612 1508 874 1592 litteras‚litteras
882 1511 1023 1594 discere3

77 1618 135 1682 sed
144 1616 416 1698 attendantquod
426 1615 637 1698 superomnia
646 1617 825 1683 desiderare
835 1619 953 1684 dehent
962 1619 1021 1685 ha·
1076 1612 1079 1617 “

77 1726 155 1791 here
174 1725 324 1805 spiritum
344 1724 478 1807 Domini,
498 1730 531 1790 et
550 1729 690 1790 sanctam
709 1724 778 1806 ejus
792 1726 1020 1810 operationem,

78 1849 168 1899 orare
183 1849 310 1914 semper
324 1833 364 1897 ad
377 1832 543 1897 Dominum
552 1850 632 1914 puro
642 1834 736 1899 corde
745 1834 904 1901 ethahere
914 1835 1020 1901 humi-
1102 1898 1106 1907 .

77 1938 212 2020 litatem,
228 1942 260 2003 et
274 1936 461 2018 patientiam
473 1936 507 2001 in
521 1939 742 2018 persecutione
762 1946 794 2005 et
813 1941 1000 2010 infirmitate
1013 1956 1032 2025 ;’

79 2051 112 2112 ct
126 2045 261 2125 diligere
271 2060 337 2125 eos,
350 2044 406 2125 qui
416 2060 475 2109 nos
483 2040 730 2128 persequuntur,
743 2049 981 2130 reprehendunt
991 2055 1023 2115 et

80 2153 233 2231 arguunt3
244 2147 320 2231 quia
329 2146 410 2212 dicit
418 2147 583 2214 Dominus:
595 2150 728 2231 Dilipite
738 2152 891 2216 inimicos
903 2160 1024 2217 uestros

80 2265 108 2320 et
129 2264 217 2320 orote
240 2274 297 2336 pro
316 2256 587 2337 persequentibus
613 2263 643 2319 et
656 2256 940 2321 calumniantibus
953 2278 1039 2325 uos..

81 2364 170 2428 Booti
183 2363 241 2443 qui
250 2361 503 2442 persecutionem
518 2363 693 2443 potiuntur
703 2372 832 2443 propter
839 2367 1019 2450 justitium,

82 2470 240 2550 quonium
259 2470 406 2549 ipsorum
428 2476 472 2532 est
494 2488 635 2551 reprcunt
649 2471 821 2539 Cretorunt.
839 2475 900 2552 Qui
914 2482 1024 2540 autern

81 2578 329 2656 perseveraverit
342 2593 440 2657 usque
454 2578 491 2639 in
504 2579 617 2660 sineru,
633 2578 686 2643 hic
700 2579 812 2644 suiuus
828 2582 900 2647 erit.

170 2794 260 2871 Quod
273 2794 402 2857 Fratres
416 2811 484 2856 non
498 2794 730 2874 inprectiontur
742 2793 938 2859 Monosteriu

434 2901 681 2997 Menotharum

341 3078 543 3130 UNDEGIMUM
564 3078 766 3129 CAPITULUM.

122 3228 271 3310 Praeoipio
297 3225 431 3292 firmiter
454 3224 611 3290 Fratribus
634 3223 802 3306 universis,
826 3239 868 3288 ue
890 3224 1028 3291 haheant

87 3341 228 3419 suspecta
255 3332 427 3415 consortia,
455 3332 506 3398 vel
537 3330 669 3396 consilia
701 3330 894 3412 mulierum3
924 3336 957 3396 et
985 3349 1026 3398 ne

87 3443 303 3525 ingrediantur
329 3439 514 3505 hionastoria
538 3438 768 3519 Menotharum,
798 3443 913 3518 praetor
941 3438 1024 3520 iiloS,

87 3554 195 3636 quihus
218 3570 238 3616 a
263 3549 346 3617 Sede
367 3547 544 3629 Apostolica
567 3563 717 3612 concessa
739 3551 789 3611 est
810 3545 938 3611 licentia
956 3564 1027 3630 spe-

83 3662 172 3729 cialis.
190 3663 256 3727 Nec
271 3660 351 3723 [iant
365 3662 540 3737 compatres
554 3655 706 3736 virorum,
720 3654 772 3719 vel
787 3652 969 3735 mulierum,
985 3671 1026 3718 ne
