2354 4120
436 324 626 375 num...

65 530 146 594 Furit
163 529 223 614 Via,
237 539 312 614 post
329 532 524 614 pruudium,
541 534 693 598 optatibus
713 534 887 617 stantibus,
905 551 996 615 supe-

96 637 158 701 rior
172 641 225 706 vui
246 642 407 706 sacerdos
429 641 470 704 ab
497 641 555 706 ilio
582 643 776 724 desipuutus,
803 643 869 708 haro
890 646 961 724 qitoe

228 758 428 833 sequuntur,
448 751 566 816 relictis
586 752 700 833 titulis,
721 751 817 832 tepit:

93 912 126 976 Et
135 912 344 995 quicumque
356 912 429 977 haec
437 911 660 994 observaverit,
679 911 714 976 iu
737 910 819 976 Coelo
838 910 998 991 repleatur

59 1017 274 1085 benedictione
304 1017 462 1084 Altissimi
483 1019 581 1084 Patris
615 1016 767 1100 Gulosus,
798 1021 830 1082 et
857 1016 997 1083 interra

58 1126 206 1207 repleatur
215 1127 448 1194 benedictione
457 1126 563 1192 dilecti
577 1125 647 1190 Filii
661 1125 723 1208 sui,
739 1141 812 1190 cum
827 1124 993 1190 Sanctissi-

57 1247 102 1296 mo
114 1233 230 1314 Spiritu
244 1234 412 1300 Paracleto
426 1238 458 1299 ut
476 1233 624 1299 omnihus
637 1231 813 1297 Virtutibus
829 1231 996 1317 Coelururu,

57 1344 85 1404 et
96 1340 243 1406 omuibus
253 1340 393 1406 Sanctis.
409 1340 445 1404 Et
457 1339 521 1421 Ego
534 1341 641 1404 Frater
650 1338 837 1404 Franciscus
846 1338 998 1418 parvulus

56 1454 163 1533 vester,
174 1456 208 1515 et
222 1468 354 1532 servus,
372 1455 665 1532 quantumcumque
679 1464 821 1529 possum,
845 1447 996 1513 confirmo

56 1555 137 1621 vohis
145 1557 235 1623 intus
245 1563 280 1624 st
294 1556 373 1623 ioris
388 1555 481 1621 istam
489 1554 719 1622 uanissimam
727 1553 993 1620 benedictionem.

56 1660 157 1731 Amen.

57 1866 200 1919 EXPLICIT
230 1868 486 1919 TESTAMENTUM
515 1865 701 1916 BEATISSIMI
730 1865 847 1916 PATRIS
872 1866 994 1915 NOSTRI

437 1975 609 2025 FRANGISGI

109 2125 322 2192 Beatissimus
337 2128 547 2189 Putrruoster
566 2126 758 2189 Fruuoisous
780 2125 845 2189 iraec
864 2141 934 2206 quae

209 2240 395 2318 sequuntur
403 2233 570 2296 Fratribus
582 2233 685 2296 dicere
699 2231 828 2294 solebat.

92 2393 113 2457 0
126 2394 329 2463 dilectissimi
341 2395 473 2476 Fratres,
489 2398 521 2459 et
534 2392 569 2456 in
583 2388 904 2458 aeturuumbsuedicti
919 2388 985 2469 iiiii,

59 2500 155 2567 audite
172 2521 243 2585 me,
265 2500 372 2566 audite
394 2517 504 2565 vocum
529 2499 627 2564 Patris
650 2496 770 2563 vestri:
787 2512 988 2577 maguupro-

59 2605 202 2693 misimus,
218 2606 342 2690 majura
357 2606 510 2689 promissa
523 2610 598 2671 suut
611 2604 703 2670 nohis
715 2626 722 2668 :
735 2620 898 2669 servemus
906 2603 987 2685 haeu,

61 2713 247 2794 suspiremus
260 2714 301 2777 ad
313 2712 387 2777 illa:
403 2713 548 2793 voluptas
560 2711 677 2793 brevis,
692 2726 787 2792 puina
809 2714 962 2792 perpetua
978 2731 985 2773 :

58 2819 168 2887 modica
179 2820 303 2905 passio,
314 2819 415 2900 gloria
423 2819 562 2901 intinita3
578 2817 751 2883 multorum
759 2817 892 2900 vocatis,
907 2833 987 2898 pau-

59 2928 296 3011 sumptuatis,
313 2924 456 2994 omnium
467 2924 645 2992 retributio,
660 2926 769 2991 Amen.

59 3096 987 3157 liiuurcrrosummurruumsuosrmsuperirruuuism

91 3221 167 3308 ite,
180 3222 385 3291 sanctissime
398 3224 498 3305 Pater,
509 3228 541 3287 et
554 3227 648 3288 ttota
664 3221 785 3288 coelesti
803 3222 902 3304 curia,
917 3226 949 3288 et
967 3228 987 3289 a

61 3342 103 3395 ue
114 3331 305 3415 pauperculo
316 3330 379 3396 siut
396 3329 566 3412 maledicti,
583 3329 639 3411 qui
657 3346 715 3395 suo
731 3328 814 3395 malo
838 3332 984 3412 exemplo

61 3439 241 3508 confundunt
265 3457 304 3506 ac
330 3440 509 3520 destruunt,
524 3440 610 3521 quod
637 3455 694 3520 per
719 3442 844 3504 sanctos
866 3439 986 3507 Fratres

63 3539 141 3626 iilius
152 3547 279 3615 Ordinis
287 3545 462 3630 aedifisasti,
477 3546 673 3613 etaeuiucare
682 3564 745 3613 uon
758 3563 873 3613 cessas.
