2354 4120
344 285 404 355 IN
451 282 680 351 NOMINE
725 278 937 349 DOMINI

596 503 693 541 INCIPIT

256 702 598 827 REGULA
663 700 761 817 ΕΤ
822 696 1025 814 VITA

420 975 616 1033 Fratrum
637 971 864 1027 Minorum.
914 1038 919 1060 x

567 1159 720 1177 .—

467 1393 602 1443 PRIMUM
622 1392 823 1444 GAPI'I'ULUM.

219 1537 340 1618 Regula
354 1542 385 1604 et
399 1537 466 1605 vita
478 1539 631 1606 Minomm
651 1540 792 1606 Fratrum
810 1540 880 1605 haeo
893 1542 960 1605 est:
983 1534 1118 1620 seilicet,

179 1643 302 1709 Domini
316 1644 415 1710 nostri
435 1646 510 1711 Jesu
533 1646 647 1713 Christi
670 1649 817 1713 Sanctum
836 1645 1041 1727 Evangelium
1059 1643 1117 1710 ob·

179 1767 316 1836 servare,
340 1753 478 1819 virendo
500 1753 536 1819 in
561 1755 752 1839 obedientia
778 1756 847 1821 sine
870 1753 1009 1836 proprio,
1029 1757 1062 1816 et
1084 1751 1120 1817 in

179 1859 333 1926 castitate.
359 1860 464 1925 Frater
485 1862 668 1928 Francisens
690 1862 845 1945 promittit
858 1859 1071 1927 obedimtiam
1085 1863 1120 1923 et

178 1965 388 2031 reverentiam
408 1967 539 2033 Domino
563 1969 654 2051 Papae
677 1969 812 2033 Honorio
825 1985 862 2033 ae
882 1965 1119 2033 successoribus

179 2068 260 2153 ems,
282 2069 432 2136 canonice
452 2070 665 2157 int1·antibus‚.
678 2078 710 2138 et
733 2072 879 2138 Ecclesiae
899 2073 1058 2138 Romanae.
1081 2068 1118 2133 nt

178 2175 233 2240 alii
247 2176 367 2242 Fratres
381 2182 550 2244 teneantur
561 2179 658 2245 Fratri
671 2179 846 2261 Francisco‚
861 2178 976 2260 eteius
990 2190 1116 2242 sucees-

176 2283 304 2351 sonibus
315 2284 453 2353 obedire.

180 2494 223 2564 De
238 2499 289 2567 hio
302 2501 361 2584 qui
379 2499 495 2567 ootoot
514 2502 620 2566 vitem
639 2503 738 2567 istem
760 2502 911 2585 occipere,
934 2507 964 2564 et
983 2497 1120 2582 qualiter

513 2611 614 2691 recipi
640 2611 786 2676 debeant.

450 2815 630 2867 SECUNDUM
650 2814 853 2867 CAPITULUM.

224 2959 327 3043 siqui
344 2960 503 3027 voluerint
514 2961 597 3027 hano
606 2961 704 3027 vitam
717 2960 871 3044 accipere,
887 2964 920 3026 et
929 2957 1072 3024 venerint
1080 2959 1119 3024 ad

186 3059 307 3153 'Fratres
330 3075 466 3153 nostroe,
492 3068 619 3135 mittant
633 3086 688 3136 eos
713 3070 752 3134 ad
776 3085 851 3134 suos
872 3066 1027 3133 Ministros
1048 3067 1119 3132 Pro·

184 3173 348 3260 vinoiales,
365 3177 483 3260 quihus
496 3178 705 3261 solummodo,
728 3183 761 3243 et
774 3194 839 3243 non
852 3174 933 3259 aliis,
950 3172 1126 3258 reoIpiendi·

183 3281 305 3349 Fratres
328 3282 456 3350 lIoentia
482 3288 682 3352 concedatur.
705 3284 837 3350 Ministri
857 3300 932 3349 vero
956 3282 1120 3363 diligenter

184 3390 370 3455 examinent
384 3409 439 3460 eos
461 3393 501 3459 de
522 3393 596 3458 Fide
609 3393 767 3460 catholiea
785 3398 817 3458 et
840 3393 881 3458 de
903 3387 1121 3457 Ecclesiastico

190 3498 408 3565 Sacramenta.
434 3499 470 3564 nt
490 3500 517 3566 si
541 3501 739 3568 haecomnia
763 3501 902 3583 credant,
926 3496 1068 3564 et‘relint
1084 3509 1119 3561 ea

185 3605 326 3676 fideliter
333 3609 476 3676 confiteri
490 3614 523 3677 et
535 3610 683 3696 usquein
696 3612 793 3678 linem
806 3608 937 3676 firmiter
946 3607 1117 3688 observare,

610 3723 633 3761 Ο
