2354 4120
487 302 640 353 ...Ix-

77 417 167 486 inter
193 421 329 504 Fratres,
354 424 391 486 ut
414 427 591 491 recurratur
613 423 654 488 ad
677 423 761 489 solos
782 420 937 488 llinistros
956 422 1031 489 Pro·

75 527 253 612 vinoiales
268 533 438 605 teneantur
450 529 592 610 praedioti
611 531 732 596 Fratres
745 531 784 595 ad
799 546 853 596 eos
867 545 1032 596 recurrere

78 640 187 719 qudm
207 636 302 727 eitius
315 641 466 718 poterunt
479 638 549 704 sine
563 639 659 705 more.
676 638 739 720 lpsi
753 642 828 704 verb
842 637 985 719 Ministri,
1002 637 1042 721 six

78 744 269 827 presbyteri
278 749 448 826 sumtuum
456 744 671 811 misericordia
679 745 846 827 injungant
855 745 920 810 illis
930 744 1031 827 poeni-

78 851 235 917 tentiam.
255 851 286 916 Si
300 868 376 917 vero
399 851 574 934 presbyteri
594 868 658 917 non
677 856 762 934 sunt,
777 851 903 934 injungi
916 850 1031 916 iaciant

78 975 139 1041 per
148 959 235 1024 alios
245 959 430 1025 Sacerdotes
439 959 575 1042 Ordinis
588 959 669 1025 siout
683 959 730 1025 eis
744 960 919 1029 seeundum
931 960 1030 1024 Deum

78 1066 203 1132 melius
217 1065 380 1131 videbitur
394 1066 552 1147 expedire.
569 1067 605 1131 Et
618 1082 731 1132 cavere
744 1066 872 1150 debent,
887 1082 928 1131 ne
948 1065 1027 1131 iras·

79 1179 209 1255 eantur,
240 1179 274 1239 et
294 1174 522 1240 eonturbentur
543 1178 672 1256 propter
694 1179 858 1255 peecatum
880 1172 1027 1256 alicujus,

80 1282 160 1361 quia
182 1279 244 1363 ira,
269 1284 302 1344 et
325 1278 522 1345 conturbatio
544 1279 579 1344 in
601 1296 647 1362 se,
672 1280 751 1346 etin
764 1279 835 1345 aliis
848 1278 1028 1361 impediunt

80 1389 285 1455 charitatem.

81 1577 122 1642 De
143 1579 301 1653 electione
316 1576 479 1642 Generalis
496 1575 640 1640 Ministro·
662 1577 759 1657 bojas
773 1578 1025 1660 Froteroitotts5

13 1684 18 1697 '
312 1691 343 1747 ot
365 1684 404 1747 de
428 1682 574 1763 Cupituto
596 1684 800 1750 Pentecosten

369 1888 522 1938 OCTAVUM
542 1888 743 1938 GAPITULUM.

122 2032 267 2101 Universi
281 2034 404 2098 Fratres
416 2030 517 2097 unum
526 2033 566 2099 de
575 2033 735 2098 Fratribus
747 2034 841 2099 istius
849 2034 1024 2115 Religionis

84 2145 253 2206 teneantur
275 2155 402 2220 semper
424 2140 540 2206 babere
567 2139 748 2206 Generalem
775 2140 962 2222 llinistrum,
991 2145 1024 2207 et

86 2265 212 2313 serrum
234 2246 333 2313 totius
357 2247 581 2330 Frateruitatis,
603 2253 635 2313 et
659 2247 689 2314 ei
710 2252 877 2312 teneantur
890 2247 1022 2312 firmiter

85 2356 221 2421 obedire.
240 2356 306 2434 Quo
321 2356 506 2437 decedente,
521 2354 635 2421 electio
656 2353 847 2420 successoris
861 2356 948 2418 tiatb
964 2355 1020 2418 lli·

2 2444 4 2453 '
86 2464 191 2531 lisois
208 2462 466 2545 monueramus,
488 2468 521 2528 et
535 2461 724 2528 eustonius
737 2462 772 2526 m
785 2462 926 2543 capituto
940 2462 1020 2527 ren-

86 2571 349 2654 teeostee,iuquo
359 2570 568 2636 provinciales
580 2570 711 2636 llinistri
720 2575 886 2636 teneantur
895 2586 1020 2652 semper

87 2679 212 2746 insimul
239 2679 419 2761 convenire,
449 2680 644 2761 ubicumque
670 2682 689 2744 e
714 2678 854 2745 denerali
882 2677 1020 2743 Ministro

88 2787 175 2853 luerit
198 2787 419 2853 constitutum.
442 2787 477 2852 Et
499 2786 560 2852 boo
573 2786 673 2852 semel
686 2786 720 2851 in
733 2786 836 2851 tribus
849 2785 952 2868 annis,
968 2786 1020 2852 vel

90 2897 122 2961 od
137 2896 233 2961 alium
246 2896 419 2962 terminum
442 2896 604 2979 majorem,
628 2895 680 2961 rel
701 2895 867 2976 urinorem,
894 2896 976 2961 siout
1001 2898 1021 2960 a

91 3004 230 3084 pradoto
243 3004 383 3069 Ministro
401 3003 496 3068 luerit
518 3004 708 3069 ordinatum.
724 3004 760 3068 Et
774 3003 801 3069 si
816 3003 921 3085 aliquo
935 3008 1016 3068 tem·

92 3115 343 3194 pore,appareret
352 3111 550 3178 universitati
558 3112 769 3177 Ministrorum
777 3110 1018 3177 Prouincialium

94 3225 121 3286 et
130 3222 305 3302 Custodum,
318 3221 506 3302 praediolum
517 3222 692 3300 llinistrum
706 3238 771 3286 non
784 3237 855 3287 esse
863 3220 1017 3285 suliioien-

94 3332 149 3393 tem
166 3330 203 3393 ad
222 3330 401 3411 servitium,
416 3334 448 3395 et
462 3322 664 3395 communem
677 3329 847 3394 utilitatem
861 3330 1014 3410 Fratrum,

95 3438 247 3502 teneamur
259 3436 405 3519 praedicti
420 3437 549 3520 Fratres,
566 3437 683 3520 quibus
696 3435 810 3503 electio
825 3436 898 3499 data
910 3439 969 3517 est,
983 3435 1016 3498 in

2 3595 4 3613 t
96 3543 207 3610 nomine
219 3543 344 3609 Domini
358 3543 456 3608 alium
471 3544 532 3609 sibi
551 3544 670 3625 eligere
693 3543 726 3608 in
749 3543 926 3608 Custodem.
946 3542 1017 3605 Post

95 3648 253 3730 Capitulum
266 3654 344 3720 verb
359 3653 568 3736 Pentecosten
584 3651 714 3718 llinistri
727 3655 760 3717 et
773 3649 922 3716 Custodes
942 3662 1017 3727 pos-
