2354 4120
117 894 128 933 t

525 296 721 367 s-vm-
837 361 840 367 .

164 495 253 574 Qood
265 495 355 562 otto
366 495 430 561 sibi
442 496 646 578 oppropoieot
657 496 837 580 1111111111
848 497 887 562 11
899 498 1109 579 eleemosyna

103 607 114 615 “
332 601 478 702 petendo,
496 608 526 665 et
537 601 755 666 deFrotrt'bor
767 603 922 685 infirmer.

455 806 586 857 snxnnil
605 806 804 859 CAPITULUM.

201 951 322 1033 Fratres
349 950 438 1017 nihil
456 951 518 1017 sibi
544 953 844 1036 approperaret
870 954 1011 1037 domum,
1039 971 1104 1021 nec

106 1046 108 1051 ’
159 1056 278 1141 locum,
295 1075 355 1125 neo
376 1059 515 1142 aliquam
539 1076 626 1143 rem;
649 1061 706 1126 sed
725 1064 877 1143 tanquam
890 1061 1052 1142 peregrini
1067 1067 1101 1128 et

159 1167 291 1233 advenae
314 1166 348 1233 in
372 1167 433 1233 hoo
455 1168 584 1251 saeculo,
607 1167 642 1232 in
664 1172 860 1251 paupertate,
874 1167 1102 1235 ethumililate

159 1275 291 1342 Domino
316 1275 517 1358 famulantes,
545 1277 659 1341 vadant
686 1293 743 1358 pro
770 1276 971 1359 eleemosyna
997 1278 1099 1343 confi-

160 1385 283 1450 denter.
305 1383 368 1450 Nee
388 1388 511 1464 oportet
533 1399 588 1450 eos
609 1383 834 1466 verecundari3
857 1383 932 1466 qnia
946 1384 1100 1479 dominns

158 1507 216 1572 pro
231 1488 323 1555 nohis
337 1506 373 1556 se
392 1489 466 1555 fecit
485 1505 658 1571 pauperem
676 1489 710 1553 in
721 1489 793 1556 -hoc
808 1491 938 1556 mundo.
955 1491 1027 1556 Haeo
1049 1495 1100 1557 est

157 1595 213 1662 illa
222 1596 376 1663 celsitudo
385 1595 546 1662 altissimae
555 1595 842 1678 paupertatisque
851 1612 908 1661 vos
917 1596 1098 1663 carissimos

50 1698 52 1703 ’
157 1702 281 1770 Fratres
290 1720 379 1769 meos
393 1703 547 1785 lraeredes,
564 1707 597 1769 ct
608 1703 712 1784 Reges
724 1703 825 1783 Regni
838 1702 1097 1768 Goeloruminsti-

157 1812 230 1895 tuit,
245 1825 401 1894 pauperes
414 1810 511 1876 rebus
525 1809 611 1893 fecit,
626 1809 798 1876 virtutibus
815 1810 1008 1875 sublimavit.
1024 1812 1098 1878 Haeo

157 1920 199 1985 sit
219 1919 322 2000 portio
344 1923 461 2002 vestra,
483 1935 555 2000 quae
569 1918 713 2000 perducit
727 1918 891 1984 interram
905 1917 1094 1984 viventium.

157 2028 224 2110 dui,
249 2027 447 2093 dilectissimi
469 2027 601 2108 Fratres
625 2025 764 2092 totaliter
787 2026 990 2108 inhaerentes,
1014 2026 1095 2093 nihil

155 2133 242 2198 aliud
265 2149 322 2213 pro
346 2131 475 2197 nomine
496 2130 619 2197 Domini
643 2131 743 2197 nostri
756 2130 830 2196 lesu
844 2130 956 2196 Christi
974 2131 1008 2195 11
1020 2148 1093 2212 per-

155 2245 290 2322 petuum
303 2238 363 2303 sub
378 2237 462 2304 Goelo
475 2237 592 2303 habere
605 2236 722 2303 velitis.
739 2237 775 2301 lit
797 2236 991 2319 ubicumque
1005 2243 1090 2321 sunt,

154 2352 188 2415 et
201 2363 236 2413 se
249 2345 430 2413 invenerint
442 2346 573 2428 Fratres²
586 2345 996 2411 ostendantsedomesticos
1009 2345 1093 2411 invi-

154 2471 224 2522 cem
237 2454 320 2520 inter
329 2470 375 2535 se,
386 2458 419 2520 et
433 2453 544 2520 secure
557 2452 737 2519 manifestet
752 2468 835 2517 nnus
848 2452 939 2519 aiteri
951 2453 1089 2519 necessi-

153 2568 250 2630 tatem
273 2578 383 2627 suam:
406 2560 493 2644 quia,
517 2560 545 2625 si
568 2565 670 2627 mater
691 2560 803 2643 nutrit,
825 2564 858 2625 et
872 2559 976 2640 diligit
989 2560 1089 2626 filium

154 2687 249 2738 suum
257 2668 426 2751 carnalem,
435 2671 554 2751 quanto
564 2667 750 2750 diligentiis
758 2668 852 2733 debet
862 2666 934 2749 quis
943 2666 1085 2750 diligere,

153 2783 186 2846 et
212 2777 334 2843 nutrire
360 2776 498 2841 Fratrem
526 2791 621 2840 sunm
647 2773 873 2855 spiritualem?
898 2755 989 2838 lit'si
1015 2774 1087 2854 quis

152 2899 264 2951 corum
285 2881 319 2946 11
339 2879 554 2946 infirmitatem
579 2877 739 2961 ceciderit,
763 2877 817 2944 elii
838 2878 959 2945 Fratres
972 2877 1088 2944 debent

153 2990 328 3073 11111111,
344 2988 427 3056 sicut
436 2987 559 3055 1111111
574 2987 635 3053 sibi
650 2986 773 3053 serviri.

185 3207 228 3272 De
239 3194 429 3289 poeotootto
442 3204 610 3270 orontius
625 3203 830 3286 percontetur
845 3203 1052 3284 imponeretis.

426 3411 594 3463 snenlrdnm
615 3411 828 3463 cremum..

57 3536 63 3623 ’1
190 3557 221 3624 Si
231 3556 287 3640 qui
296 3556 448 3640 Fratrum,
459 3556 632 3639 instigante
641 3555 781 3638 inimico,
792 3554 967 3621 mortaliter
976 3570 1083 3636 pecea-

63 3668 69 3773 ᾗ
149 3663 251 3731 verint
274 3664 416 3748 prosilis
435 3665 583 3749 peccatis,
608 3652 781 3747 dequibus
797 3661 977 3730 ordinatum
992 3661 1081 3729 luerit
