2354 4120
448 349 622 398 -Xlx-

64 469 91 533 Β.
103 468 282 553 Ρηηρίεοο,
308 468 387 534 dum
401 468 524 534 viveret
538 468 644 550 ipsum
666 468 815 535 Sanotum
831 471 861 535 t·
874 470 1004 538 Domino

61 575 116 643 deo
128 577 188 643 trio
200 576 378 659 privilegia
391 575 580 641 obtinuisse.

95 684 246 767 Primum,
264 684 356 767 qudd
376 687 496 765 quanto
521 683 628 764 plures
644 685 765 750 Fratres
780 689 886 751 essent
899 685 932 749 in
947 685 1002 751 Or-

61 792 136 876 dine,
147 798 180 860 et
194 808 318 859 eorum
327 807 482 857 numerus
492 797 672 876 augeretur,
688 797 775 858 tento
785 793 1002 874 providentiis

58 900 290 980 provideretur.
899 922 902 925 ·

92 1009 291 1090 Secundum,
311 1006 397 1088 quod
412 1005 520 1071 nullus
530 1006 563 1071 in
572 1006 682 1072 habitu
690 1012 796 1090 posset
806 1005 889 1072 mole
897 1007 998 1072 mori:

56 1113 195 1196 intellige
209 1114 307 1197 sene,
323 1111 485 1194 videlicet,
509 1114 681 1178 dummodo
697 1113 761 1178 vito
775 1114 817 1180 sit
830 1114 999 1179 conformis

56 1221 184 1304 habitui,
200 1221 314 1304 quoad
324 1219 496 1300 Fratres;et
506 1219 747 1286 devotioeroota
757 1225 998 1303 etoompuncte,

57 1332 154 1412 quoad
166 1331 354 1397 saeorrleres.

91 1440 244 1522 Tertium,
255 1439 346 1521 quod
360 1436 506 1520 quisquis
519 1437 666 1503 Ordinem
680 1453 775 1503 sunm
789 1456 996 1522 persequere·

58 1552 116 1632 tur,
129 1549 274 1636 graviter
289 1552 310 1613 d
323 1546 453 1612 Domino
467 1546 647 1629 puniretur;
659 1551 691 1613 et
698 1549 766 1613 dies
776 1564 851 1615 suos
860 1548 894 1613 in
907 1548 996 1614 brevi

56 1657 176 1722 etmole
188 1656 310 1721 finiret.

58 2114 226 2181 ltemdioo't
247 2115 286 2179 B.
304 2114 497 2178 Frorrot'soos
512 2114 578 2176 trio
598 2116 684 2177 letter
709 2114 780 2178 olio
801 2133 833 2177 oe
849 2116 995 2179 debuisse

92 2225 271 2307 privilegio
284 2226 307 2285 d
319 2222 453 2303 Serdoi,
469 2223 532 2286 eidi
544 2223 583 2286 io
595 2230 706 2285 moreto
727 2222 876 2286 Aloeroae
895 2240 994 2302 onpo-

53 2406 56 2411 ,
94 2338 191 2415 rente,
204 2328 736 2413 temporoSttomotisotiooissoae.

96 2538 246 2623 Primum,
261 2540 348 2621 quod
362 2538 514 2620 professio
528 2538 669 2604 Fratrum
678 2555 820 2622 suorum,
831 2539 899 2605 sive
913 2538 992 2603 Ordo

65 2659 143 2728 sune,
157 2636 289 2713 durabit
302 2663 407 2729 usque
425 2646 458 2710 in
472 2646 556 2712 diem
569 2645 691 2727 judicii.

99 2753 287 2837 Secundum,
313 2754 399 2837 quod
426 2753 533 2819 nullus
549 2755 658 2820 volens
672 2755 707 2820 in
720 2754 835 2820 Ordine
847 2753 931 2819 mole
945 2751 994 2817 vi-

64 2874 140 2941 rere,
150 2863 270 2944 poterit
283 2862 340 2927 diu
350 2861 384 2925 in
399 2861 454 2927 illo
470 2877 681 2944 perseverare.

100 2968 245 3053 Tertium,
271 2970 359 3053 qnod
372 2969 565 3051 qnioumquo
580 2986 620 3035 ex
633 2970 728 3035 corde
741 2968 888 3050 diligeret
903 2966 991 3033 Ordi-

66 3088 243 3144 rensuum
264 3080 557 3160 quantumcumque
575 3077 616 3141 sit
635 3076 791 3159 peotator,
814 3075 992 3142 misericor·

68 3179 167 3249 diano
180 3185 312 3251 Domino
328 3189 574 3266 oonsequoretur
587 3183 781 3265 poenitendo.
896 3240 899 3246 .
979 3216 983 3221 ·
