<?xml version="1.0" encoding="UTF-8"?>
<!DOCTYPE html PUBLIC "-//W3C//DTD XHTML 1.0 Transitional//EN"
    "http://www.w3.org/TR/xhtml1/DTD/xhtml1-transitional.dtd">
<html xmlns="http://www.w3.org/1999/xhtml" xml:lang="en" lang="en">
 <head>
  <title>
</title>
<meta http-equiv="Content-Type" content="text/html;charset=utf-8" />
  <meta name='ocr-system' content='tesseract 3.04.00' />
  <meta name='ocr-capabilities' content='ocr_page ocr_carea ocr_par ocr_line ocrx_word'/>
</head>
<body>
  <div class='ocr_page' id='page_1' title='image "./regulaettestame00frangoog_0011.png"; bbox 0 0 2354 4120; ppageno 0'>
   <div class='ocr_carea' id='block_1_1' title="bbox 564 300 720 352">
    <p class='ocr_par' dir='ltr' id='par_1_1' title="bbox 564 300 720 352">
     <span class='ocr_line' id='line_1_1' title="bbox 564 300 720 352; baseline 0.013 -18"><span class='ocrx_word' id='word_1_1' title='bbox 564 300 720 352; x_wconf 67' lang='grc' dir='ltr'>...Ἦ-’-</span> 
     </span>
    </p>
   </div>
   <div class='ocr_carea' id='block_1_2' title="bbox 170 410 1128 611">
    <p class='ocr_par' dir='ltr' id='par_1_2' title="bbox 170 410 1128 611">
     <span class='ocr_line' id='line_1_2' title="bbox 170 410 1128 505; baseline 0.009 -25"><span class='ocrx_word' id='word_1_2' title='bbox 170 410 254 481; x_wconf 84' lang='lat' dir='ltr'>cibis</span> <span class='ocrx_word' id='word_1_3' title='bbox 268 417 301 481; x_wconf 90' lang='lat' dir='ltr'>et</span> <span class='ocrx_word' id='word_1_4' title='bbox 313 421 368 498; x_wconf 91' lang='lat' dir='ltr'>pot</span> <span class='ocrx_word' id='word_1_5' title='bbox 354 413 440 482; x_wconf 87' lang='lat' dir='ltr'>tibus</span> <span class='ocrx_word' id='word_1_6' title='bbox 454 415 614 502; x_wconf 78' lang='lat' dir='ltr'>dedicatis3</span> <span class='ocrx_word' id='word_1_7' title='bbox 630 420 687 487; x_wconf 93' lang='lat' dir='ltr'>sed</span> <span class='ocrx_word' id='word_1_8' title='bbox 704 421 807 503; x_wconf 80' lang='lat' dir='ltr'>magis</span> <span class='ocrx_word' id='word_1_9' title='bbox 821 419 1044 505; x_wconf 85' lang='lat' dir='ltr'>unusquisque</span> <span class='ocrx_word' id='word_1_10' title='bbox 1063 421 1128 504; x_wconf 84' lang='lat' dir='ltr'>J&#39;n-</span> 
     </span>
     <span class='ocr_line' id='line_1_3' title="bbox 174 523 717 611; baseline 0.013 -23"><span class='ocrx_word' id='word_1_11' title='bbox 174 523 269 607; x_wconf 88' lang='lat' dir='ltr'>dicet‚</span> <span class='ocrx_word' id='word_1_12' title='bbox 283 528 317 591; x_wconf 91' lang='lat' dir='ltr'>et</span> <span class='ocrx_word' id='word_1_13' title='bbox 330 525 484 607; x_wconf 83' lang='lat' dir='ltr'>desprcrat</span> <span class='ocrx_word' id='word_1_14' title='bbox 496 528 717 611; x_wconf 81' lang='lat' dir='ltr'>semetipsum</span> 
     </span>
    </p>
   </div>
   <div class='ocr_carea' id='block_1_3' title="bbox 213 739 1078 932">
    <p class='ocr_par' dir='ltr' id='par_1_3' title="bbox 213 739 1078 932">
     <span class='ocr_line' id='line_1_4' title="bbox 213 739 1078 829; baseline 0.007 -25"><span class='ocrx_word' id='word_1_15' title='bbox 213 739 256 805; x_wconf 86' lang='lat' dir='ltr'>De</span> <span class='ocrx_word' id='word_1_16' title='bbox 270 741 384 806; x_wconf 82' lang='lat' dir='ltr'>divino</span> <span class='ocrx_word' id='word_1_17' title='bbox 398 741 514 826; x_wconf 76' lang='lat' dir='ltr'>efficto,</span> <span class='ocrx_word' id='word_1_18' title='bbox 531 751 561 809; x_wconf 85' lang='lat' dir='ltr'>et</span> <span class='ocrx_word' id='word_1_19' title='bbox 574 745 717 829; x_wconf 80' lang='lat' dir='ltr'>jejunio,</span> <span class='ocrx_word' id='word_1_20' title='bbox 731 753 761 810; x_wconf 88' lang='lat' dir='ltr'>et</span> <span class='ocrx_word' id='word_1_21' title='bbox 774 747 931 828; x_wconf 80' lang='lat' dir='ltr'>quomodo</span> <span class='ocrx_word' id='word_1_22' title='bbox 945 748 1078 812; x_wconf 82' lang='lat' dir='ltr'>Fratres</span> 
     </span>
     <span class='ocr_line' id='line_1_5' title="bbox 394 849 895 932; baseline 0.004 -18"><span class='ocrx_word' id='word_1_23' title='bbox 394 849 530 914; x_wconf 72' lang='lat' dir='ltr'>debeam</span> <span class='ocrx_word' id='word_1_24' title='bbox 554 852 604 915; x_wconf 80' lang='lat' dir='ltr'>tre</span> <span class='ocrx_word' id='word_1_25' title='bbox 629 869 685 932; x_wconf 85' lang='lat' dir='ltr'>per</span> <span class='ocrx_word' id='word_1_26' title='bbox 714 853 895 919; x_wconf 78' lang='lat' dir='ltr'>mondum·</span> 
     </span>
    </p>
   </div>
   <div class='ocr_carea' id='block_1_4' title="bbox 453 1051 831 1102">
    <p class='ocr_par' dir='ltr' id='par_1_4' title="bbox 453 1051 831 1102">
     <span class='ocr_line' id='line_1_6' title="bbox 453 1051 831 1102; baseline 0.005 -3"><span class='ocrx_word' id='word_1_27' title='bbox 453 1051 602 1101; x_wconf 81' lang='lat' dir='ltr'>TERTIUM</span> <span class='ocrx_word' id='word_1_28' title='bbox 627 1052 831 1102; x_wconf 79' lang='lat' dir='ltr'><strong>CAPITULUM.</strong></span> 
     </span>
    </p>
   </div>
   <div class='ocr_carea' id='block_1_5' title="bbox 114 1191 1161 3743">
    <p class='ocr_par' dir='ltr' id='par_1_5' title="bbox 114 1191 1120 1819">
     <span class='ocr_line' id='line_1_7' title="bbox 212 1191 1120 1268; baseline 0.006 -8"><span class='ocrx_word' id='word_1_29' title='bbox 212 1191 324 1261; x_wconf 82' lang='lat' dir='ltr'>Clerici</span> <span class='ocrx_word' id='word_1_30' title='bbox 337 1197 453 1265; x_wconf 84' lang='lat' dir='ltr'>faciant</span> <span class='ocrx_word' id='word_1_31' title='bbox 466 1198 610 1264; x_wconf 89' lang='lat' dir='ltr'>divinum</span> <span class='ocrx_word' id='word_1_32' title='bbox 625 1200 768 1266; x_wconf 86' lang='lat' dir='ltr'>Officium</span> <span class='ocrx_word' id='word_1_33' title='bbox 783 1202 959 1268; x_wconf 89' lang='lat' dir='ltr'>secundum</span> <span class='ocrx_word' id='word_1_34' title='bbox 969 1201 1120 1268; x_wconf 83' lang='lat' dir='ltr'>ordinem</span> 
     </span>
     <span class='ocr_line' id='line_1_8' title="bbox 172 1300 1117 1399; baseline 0.007 -33"><span class='ocrx_word' id='word_1_35' title='bbox 172 1300 292 1368; x_wconf 85' lang='lat' dir='ltr'>Sanctae</span> <span class='ocrx_word' id='word_1_36' title='bbox 314 1304 464 1371; x_wconf 82' lang='lat' dir='ltr'>Romanae</span> <span class='ocrx_word' id='word_1_37' title='bbox 484 1306 642 1390; x_wconf 77' lang='lat' dir='ltr'>Ecclesia,</span> <span class='ocrx_word' id='word_1_38' title='bbox 659 1313 790 1389; x_wconf 84' lang='lat' dir='ltr'>excepto</span> <span class='ocrx_word' id='word_1_39' title='bbox 814 1308 974 1399; x_wconf 82' lang='lat' dir='ltr'>psalterio,</span> <span class='ocrx_word' id='word_1_40' title='bbox 990 1325 1031 1374; x_wconf 85' lang='lat' dir='ltr'>ex</span> <span class='ocrx_word' id='word_1_41' title='bbox 1049 1326 1117 1390; x_wconf 90' lang='lat' dir='ltr'>quo</span> 
     </span>
     <span class='ocr_line' id='line_1_9' title="bbox 172 1408 1117 1496; baseline 0.007 -23"><span class='ocrx_word' id='word_1_42' title='bbox 172 1408 291 1477; x_wconf 85' lang='lat' dir='ltr'>habere</span> <span class='ocrx_word' id='word_1_43' title='bbox 312 1417 461 1493; x_wconf 89' lang='lat' dir='ltr'>poterunt</span> <span class='ocrx_word' id='word_1_44' title='bbox 484 1414 650 1480; x_wconf 88' lang='lat' dir='ltr'>breviaria.</span> <span class='ocrx_word' id='word_1_45' title='bbox 675 1415 758 1481; x_wconf 90' lang='lat' dir='ltr'>Laici</span> <span class='ocrx_word' id='word_1_46' title='bbox 785 1431 861 1482; x_wconf 90' lang='lat' dir='ltr'>vero</span> <span class='ocrx_word' id='word_1_47' title='bbox 878 1415 983 1480; x_wconf 89' lang='lat' dir='ltr'>dicant</span> <span class='ocrx_word' id='word_1_48' title='bbox 997 1414 1117 1496; x_wconf 85' lang='lat' dir='ltr'>viginti</span> 
     </span>
     <span class='ocr_line' id='line_1_10' title="bbox 172 1520 1117 1606; baseline 0.005 -25"><span class='ocrx_word' id='word_1_49' title='bbox 172 1522 308 1598; x_wconf 91' lang='lat' dir='ltr'>quatuor</span> <span class='ocrx_word' id='word_1_50' title='bbox 329 1520 425 1583; x_wconf 80' lang='lat' dir='ltr'>Potor</span> <span class='ocrx_word' id='word_1_51' title='bbox 451 1521 563 1585; x_wconf 81' lang='lat' dir='ltr'>Noster</span> <span class='ocrx_word' id='word_1_52' title='bbox 593 1539 651 1602; x_wconf 91' lang='lat' dir='ltr'>pro</span> <span class='ocrx_word' id='word_1_53' title='bbox 678 1523 839 1606; x_wconf 81' lang='lat' dir='ltr'><strong>Matutino,</strong></span> <span class='ocrx_word' id='word_1_54' title='bbox 868 1539 926 1603; x_wconf 93' lang='lat' dir='ltr'>pro</span> <span class='ocrx_word' id='word_1_55' title='bbox 953 1520 1117 1586; x_wconf 81' lang='lat' dir='ltr'>Laudibus</span> 
     </span>
     <span class='ocr_line' id='line_1_11' title="bbox 171 1625 1118 1712; baseline 0.003 -23"><span class='ocrx_word' id='word_1_56' title='bbox 171 1625 325 1709; x_wconf 85' lang='lat' dir='ltr'>quinque,</span> <span class='ocrx_word' id='word_1_57' title='bbox 350 1644 408 1708; x_wconf 94' lang='lat' dir='ltr'>pro</span> <span class='ocrx_word' id='word_1_58' title='bbox 421 1628 535 1711; x_wconf 84' lang='lat' dir='ltr'>Prima,</span> <span class='ocrx_word' id='word_1_59' title='bbox 559 1628 673 1712; x_wconf 79' lang='lat' dir='ltr'>Tertia,</span> <span class='ocrx_word' id='word_1_60' title='bbox 689 1630 781 1695; x_wconf 83' lang='lat' dir='ltr'>Sexta</span> <span class='ocrx_word' id='word_1_61' title='bbox 793 1635 826 1695; x_wconf 93' lang='lat' dir='ltr'>et</span> <span class='ocrx_word' id='word_1_62' title='bbox 845 1630 941 1712; x_wconf 87' lang='lat' dir='ltr'>Nona,</span> <span class='ocrx_word' id='word_1_63' title='bbox 954 1645 1010 1709; x_wconf 96' lang='lat' dir='ltr'>pro</span> <span class='ocrx_word' id='word_1_64' title='bbox 1031 1646 1118 1711; x_wconf 88' lang='lat' dir='ltr'>qna-</span> 
     </span>
     <span class='ocr_line' id='line_1_12' title="bbox 114 1718 1114 1819; baseline 0.004 -24"><span class='ocrx_word' id='word_1_65' title='bbox 114 1718 124 1748; x_wconf 88' lang='grc'><strong>’</strong></span> <span class='ocrx_word' id='word_1_66' title='bbox 170 1730 249 1798; x_wconf 86' lang='lat' dir='ltr'>libet</span> <span class='ocrx_word' id='word_1_67' title='bbox 264 1732 397 1799; x_wconf 89' lang='lat' dir='ltr'>istarum</span> <span class='ocrx_word' id='word_1_68' title='bbox 413 1740 549 1819; x_wconf 81' lang='lat' dir='ltr'><strong>septem,</strong></span> <span class='ocrx_word' id='word_1_69' title='bbox 568 1753 626 1817; x_wconf 94' lang='lat' dir='ltr'>pro</span> <span class='ocrx_word' id='word_1_70' title='bbox 645 1736 790 1818; x_wconf 78' lang='lat' dir='ltr'>vesperis</span> <span class='ocrx_word' id='word_1_71' title='bbox 810 1741 918 1801; x_wconf 87' lang='lat' dir='ltr'>autern</span> <span class='ocrx_word' id='word_1_72' title='bbox 931 1726 1114 1817; x_wconf 80' lang='lat' dir='ltr'>duodecim,</span> 
     </span>
    </p>

    <p class='ocr_par' dir='ltr' id='par_1_6' title="bbox 170 1840 1116 1925">
     <span class='ocr_line' id='line_1_13' title="bbox 170 1840 1116 1925; baseline 0.008 -23"><span class='ocrx_word' id='word_1_73' title='bbox 170 1855 228 1920; x_wconf 88' lang='lat' dir='ltr'>pro</span> <span class='ocrx_word' id='word_1_74' title='bbox 252 1840 461 1921; x_wconf 78' lang='lat' dir='ltr'>completorio</span> <span class='ocrx_word' id='word_1_75' title='bbox 483 1847 617 1925; x_wconf 78' lang='lat' dir='ltr'><strong>septem,</strong></span> <span class='ocrx_word' id='word_1_76' title='bbox 642 1849 674 1910; x_wconf 90' lang='lat' dir='ltr'>et</span> <span class='ocrx_word' id='word_1_77' title='bbox 697 1848 788 1910; x_wconf 88' lang='lat' dir='ltr'>orent</span> <span class='ocrx_word' id='word_1_78' title='bbox 810 1860 866 1923; x_wconf 88' lang='lat' dir='ltr'>pro</span> <span class='ocrx_word' id='word_1_79' title='bbox 888 1842 1055 1909; x_wconf 77' lang='lat' dir='ltr'>defunctis.</span> <span class='ocrx_word' id='word_1_80' title='bbox 1076 1845 1116 1916; x_wconf 79' lang='lat' dir='ltr'>iit</span> 
     </span>
    </p>

    <p class='ocr_par' dir='ltr' id='par_1_7' title="bbox 167 1947 1117 2564">
     <span class='ocr_line' id='line_1_14' title="bbox 167 1947 1117 2034; baseline 0.003 -20"><span class='ocrx_word' id='word_1_81' title='bbox 167 1947 313 2030; x_wconf 85' lang='lat' dir='ltr'><strong>jejunent</strong></span> <span class='ocrx_word' id='word_1_82' title='bbox 335 1967 354 2015; x_wconf 91' lang='lat' dir='ltr'>a</span> <span class='ocrx_word' id='word_1_83' title='bbox 375 1950 464 2016; x_wconf 83' lang='lat' dir='ltr'>Festo</span> <span class='ocrx_word' id='word_1_84' title='bbox 488 1952 636 2023; x_wconf 85' lang='lat' dir='ltr'>Omnium</span> <span class='ocrx_word' id='word_1_85' title='bbox 650 1954 833 2019; x_wconf 87' lang='lat' dir='ltr'>Sanctorum</span> <span class='ocrx_word' id='word_1_86' title='bbox 855 1969 958 2034; x_wconf 90' lang='lat' dir='ltr'>usque</span> <span class='ocrx_word' id='word_1_87' title='bbox 972 1952 1011 2016; x_wconf 91' lang='lat' dir='ltr'>ad</span> <span class='ocrx_word' id='word_1_88' title='bbox 1025 1952 1117 2017; x_wconf 75' lang='lat' dir='ltr'>Nati·</span> 
     </span>
     <span class='ocr_line' id='line_1_15' title="bbox 170 2054 1112 2141; baseline 0.007 -24"><span class='ocrx_word' id='word_1_89' title='bbox 170 2054 301 2121; x_wconf 88' lang='lat' dir='ltr'>vitatem</span> <span class='ocrx_word' id='word_1_90' title='bbox 322 2057 457 2122; x_wconf 81' lang='lat' dir='ltr'>Domini.</span> <span class='ocrx_word' id='word_1_91' title='bbox 484 2059 628 2125; x_wconf 85' lang='lat' dir='ltr'>Sanctam</span> <span class='ocrx_word' id='word_1_92' title='bbox 642 2075 717 2126; x_wconf 87' lang='lat' dir='ltr'>vero</span> <span class='ocrx_word' id='word_1_93' title='bbox 736 2057 1022 2141; x_wconf 78' lang='lat' dir='ltr'>Quadragesiman,</span> <span class='ocrx_word' id='word_1_94' title='bbox 1038 2077 1112 2141; x_wconf 83' lang='lat' dir='ltr'>qnae</span> 
     </span>
     <span class='ocr_line' id='line_1_16' title="bbox 169 2160 1112 2248; baseline 0.006 -23"><span class='ocrx_word' id='word_1_95' title='bbox 169 2160 283 2243; x_wconf 84' lang='lat' dir='ltr'>incipit</span> <span class='ocrx_word' id='word_1_96' title='bbox 297 2162 338 2227; x_wconf 87' lang='lat' dir='ltr'>ab</span> <span class='ocrx_word' id='word_1_97' title='bbox 355 2164 529 2246; x_wconf 77' lang='lat' dir='ltr'>Epiphania</span> <span class='ocrx_word' id='word_1_98' title='bbox 545 2182 648 2248; x_wconf 87' lang='lat' dir='ltr'>usque</span> <span class='ocrx_word' id='word_1_99' title='bbox 670 2167 711 2231; x_wconf 93' lang='lat' dir='ltr'>ad</span> <span class='ocrx_word' id='word_1_100' title='bbox 725 2166 890 2231; x_wconf 90' lang='lat' dir='ltr'>continuos</span> <span class='ocrx_word' id='word_1_101' title='bbox 903 2165 1112 2247; x_wconf 85' lang='lat' dir='ltr'>quadraginta</span> 
     </span>
     <span class='ocr_line' id='line_1_17' title="bbox 170 2267 1109 2352; baseline 0.001 -20"><span class='ocrx_word' id='word_1_102' title='bbox 170 2267 240 2333; x_wconf 92' lang='lat' dir='ltr'>dies</span> <span class='ocrx_word' id='word_1_103' title='bbox 243 2285 365 2350; x_wconf 86' lang='lat' dir='ltr'>,quam</span> <span class='ocrx_word' id='word_1_104' title='bbox 385 2269 536 2335; x_wconf 87' lang='lat' dir='ltr'>Dominus</span> <span class='ocrx_word' id='word_1_105' title='bbox 558 2287 617 2349; x_wconf 86' lang='lat' dir='ltr'>suo</span> <span class='ocrx_word' id='word_1_106' title='bbox 631 2274 737 2334; x_wconf 92' lang='lat' dir='ltr'>sancto</span> <span class='ocrx_word' id='word_1_107' title='bbox 757 2267 877 2350; x_wconf 77' lang='lat' dir='ltr'>ieiunio</span> <span class='ocrx_word' id='word_1_108' title='bbox 902 2268 1109 2352; x_wconf 86' lang='lat' dir='ltr'>consecravit,</span> 
     </span>
     <span class='ocr_line' id='line_1_18' title="bbox 169 2372 1107 2496; baseline 0 -57"><span class='ocrx_word' id='word_1_109' title='bbox 169 2376 225 2456; x_wconf 90' lang='lat' dir='ltr'>qui</span> <span class='ocrx_word' id='word_1_110' title='bbox 239 2374 417 2441; x_wconf 81' lang='lat' dir='ltr'>voluntarie</span> <span class='ocrx_word' id='word_1_111' title='bbox 431 2392 502 2442; x_wconf 89' lang='lat' dir='ltr'>eam</span> <span class='ocrx_word' id='word_1_112' title='bbox 516 2376 661 2496; x_wconf 84' lang='lat' dir='ltr'>jeJ&#39;unant</span> <span class='ocrx_word' id='word_1_113' title='bbox 648 2372 844 2442; x_wconf 86' lang='lat' dir='ltr'>thenedicti</span> <span class='ocrx_word' id='word_1_114' title='bbox 857 2373 921 2438; x_wconf 92' lang='lat' dir='ltr'>sint</span> <span class='ocrx_word' id='word_1_115' title='bbox 934 2376 954 2437; x_wconf 83' lang='lat' dir='ltr'>a</span> <span class='ocrx_word' id='word_1_116' title='bbox 966 2373 1107 2457; x_wconf 87' lang='lat' dir='ltr'>Domino,</span> 
     </span>
     <span class='ocr_line' id='line_1_19' title="bbox 168 2477 1107 2566; baseline -0.001 -19"><span class='ocrx_word' id='word_1_117' title='bbox 168 2482 284 2565; x_wconf 88' lang='lat' dir='ltr'>etqui</span> <span class='ocrx_word' id='word_1_118' title='bbox 293 2483 419 2564; x_wconf 89' lang='lat' dir='ltr'>nolunt,</span> <span class='ocrx_word' id='word_1_119' title='bbox 434 2501 572 2549; x_wconf 87' lang='lat' dir='ltr'>nonsrn</span> <span class='ocrx_word' id='word_1_120' title='bbox 523 2483 738 2566; x_wconf 87' lang='lat' dir='ltr'>srntastricti,</span> <span class='ocrx_word' id='word_1_121' title='bbox 754 2482 810 2548; x_wconf 93' lang='lat' dir='ltr'>sed</span> <span class='ocrx_word' id='word_1_122' title='bbox 833 2477 927 2546; x_wconf 93' lang='lat' dir='ltr'>aliam</span> <span class='ocrx_word' id='word_1_123' title='bbox 943 2483 1107 2562; x_wconf 87' lang='lat' dir='ltr'>usquead</span> 
     </span>
    </p>

    <p class='ocr_par' dir='ltr' id='par_1_8' title="bbox 167 2587 1105 2672">
     <span class='ocr_line' id='line_1_20' title="bbox 167 2587 1105 2672; baseline -0.003 -17"><span class='ocrx_word' id='word_1_124' title='bbox 167 2589 443 2657; x_wconf 83' lang='lat' dir='ltr'>Resurrectionem</span> <span class='ocrx_word' id='word_1_125' title='bbox 462 2590 608 2656; x_wconf 83' lang='lat' dir='ltr'>Domini</span> <span class='ocrx_word' id='word_1_126' title='bbox 596 2591 638 2672; x_wconf 87' lang='lat' dir='ltr'>JeJ&#39;</span> <span class='ocrx_word' id='word_1_127' title='bbox 642 2595 751 2655; x_wconf 91' lang='lat' dir='ltr'>unent.</span> <span class='ocrx_word' id='word_1_128' title='bbox 728 2587 918 2653; x_wconf 83' lang='lat' dir='ltr'>tdliist</span> <span class='ocrx_word' id='word_1_129' title='bbox 864 2592 918 2651; x_wconf 90' lang='lat' dir='ltr'>aut</span> <span class='ocrx_word' id='word_1_130' title='bbox 919 2604 971 2653; x_wconf 93' lang='lat' dir='ltr'>em</span> <span class='ocrx_word' id='word_1_131' title='bbox 984 2592 1105 2668; x_wconf 90' lang='lat' dir='ltr'>t-empo</span> 
     </span>
    </p>

    <p class='ocr_par' dir='ltr' id='par_1_9' title="bbox 152 2693 1106 2778">
     <span class='ocr_line' id='line_1_21' title="bbox 152 2693 1106 2778; baseline -0.003 -17"><span class='ocrx_word' id='word_1_132' title='bbox 152 2695 258 2762; x_wconf 66' lang='lat' dir='ltr'>”ribus</span> <span class='ocrx_word' id='word_1_133' title='bbox 271 2713 336 2762; x_wconf 94' lang='lat' dir='ltr'>non</span> <span class='ocrx_word' id='word_1_134' title='bbox 349 2698 538 2778; x_wconf 89' lang='lat' dir='ltr'>teneantur,</span> <span class='ocrx_word' id='word_1_135' title='bbox 548 2696 612 2761; x_wconf 92' lang='lat' dir='ltr'>nisi</span> <span class='ocrx_word' id='word_1_136' title='bbox 631 2701 720 2761; x_wconf 81' lang='lat' dir='ltr'>sexta</span> <span class='ocrx_word' id='word_1_137' title='bbox 734 2694 858 2776; x_wconf 79' lang='lat' dir='ltr'>deria,</span> <span class='ocrx_word' id='word_1_138' title='bbox 846 2693 999 2776; x_wconf 87' lang='lat' dir='ltr'>Jejunare.</span> <span class='ocrx_word' id='word_1_139' title='bbox 1017 2693 1106 2758; x_wconf 82' lang='lat' dir='ltr'>Tem-</span> 
     </span>
    </p>

    <p class='ocr_par' dir='ltr' id='par_1_10' title="bbox 166 2802 1106 2883">
     <span class='ocr_line' id='line_1_22' title="bbox 166 2802 1106 2883; baseline -0.003 -15"><span class='ocrx_word' id='word_1_140' title='bbox 166 2820 245 2883; x_wconf 90' lang='lat' dir='ltr'>pore</span> <span class='ocrx_word' id='word_1_141' title='bbox 278 2820 353 2869; x_wconf 84' lang='lat' dir='ltr'>rero</span> <span class='ocrx_word' id='word_1_142' title='bbox 389 2802 566 2867; x_wconf 75' lang='lat' dir='ltr'>manifeste</span> <span class='ocrx_word' id='word_1_143' title='bbox 606 2802 806 2868; x_wconf 81' lang='lat' dir='ltr'>necessitatis</span> <span class='ocrx_word' id='word_1_144' title='bbox 842 2817 908 2866; x_wconf 95' lang='lat' dir='ltr'>non</span> <span class='ocrx_word' id='word_1_145' title='bbox 940 2805 1106 2865; x_wconf 89' lang='lat' dir='ltr'>teneantur</span> 
     </span>
    </p>

    <p class='ocr_par' dir='ltr' id='par_1_11' title="bbox 165 2907 1161 2992">
     <span class='ocr_line' id='line_1_23' title="bbox 165 2907 1161 2992; baseline 0.006 -19"><span class='ocrx_word' id='word_1_146' title='bbox 165 2907 289 2975; x_wconf 79' lang='lat' dir='ltr'>Fratres</span> <span class='ocrx_word' id='word_1_147' title='bbox 307 2908 430 2992; x_wconf 82' lang='lat' dir='ltr'>J&#39;eJ‘unio</span> <span class='ocrx_word' id='word_1_148' title='bbox 455 2907 619 2990; x_wconf 88' lang='lat' dir='ltr'>corporali.</span> <span class='ocrx_word' id='word_1_149' title='bbox 646 2908 890 2990; x_wconf 76' lang='lat' dir='ltr'>domnionem,</span> <span class='ocrx_word' id='word_1_150' title='bbox 916 2924 1041 2990; x_wconf 90' lang='lat' dir='ltr'>moneo,</span> <span class='ocrx_word' id='word_1_151' title='bbox 1072 2915 1104 2975; x_wconf 91' lang='lat' dir='ltr'>et</span> <span class='ocrx_word' id='word_1_152' title='bbox 1160 2974 1161 2979; x_wconf 75' lang='grc'>,</span> 
     </span>
    </p>

    <p class='ocr_par' dir='ltr' id='par_1_12' title="bbox 164 3015 1103 3098">
     <span class='ocr_line' id='line_1_24' title="bbox 164 3015 1103 3098; baseline 0.004 -20"><span class='ocrx_word' id='word_1_153' title='bbox 164 3015 314 3081; x_wconf 81' lang='lat' dir='ltr'>exhortor</span> <span class='ocrx_word' id='word_1_154' title='bbox 340 3015 473 3082; x_wconf 85' lang='lat' dir='ltr'>Fratres·</span> <span class='ocrx_word' id='word_1_155' title='bbox 489 3033 577 3082; x_wconf 92' lang='lat' dir='ltr'>meos</span> <span class='ocrx_word' id='word_1_156' title='bbox 597 3016 631 3080; x_wconf 91' lang='lat' dir='ltr'>in</span> <span class='ocrx_word' id='word_1_157' title='bbox 656 3016 788 3081; x_wconf 91' lang='lat' dir='ltr'>Domino</span> <span class='ocrx_word' id='word_1_158' title='bbox 817 3016 891 3081; x_wconf 89' lang='lat' dir='ltr'>Jesu</span> <span class='ocrx_word' id='word_1_159' title='bbox 913 3015 1044 3098; x_wconf 78' lang='lat' dir='ltr'>Christo,</span> <span class='ocrx_word' id='word_1_160' title='bbox 1067 3023 1103 3082; x_wconf 92' lang='lat' dir='ltr'>ut</span> 
     </span>
    </p>

    <p class='ocr_par' dir='ltr' id='par_1_13' title="bbox 121 3122 1102 3743">
     <span class='ocr_line' id='line_1_25' title="bbox 165 3122 1102 3206; baseline 0.001 -20"><span class='ocrx_word' id='word_1_161' title='bbox 165 3123 292 3203; x_wconf 88' lang='lat' dir='ltr'>quando</span> <span class='ocrx_word' id='word_1_162' title='bbox 306 3124 427 3188; x_wconf 83' lang='lat' dir='ltr'>radunt</span> <span class='ocrx_word' id='word_1_163' title='bbox 441 3141 497 3206; x_wconf 91' lang='lat' dir='ltr'>per</span> <span class='ocrx_word' id='word_1_164' title='bbox 511 3125 679 3204; x_wconf 90' lang='lat' dir='ltr'>mundum,</span> <span class='ocrx_word' id='word_1_165' title='bbox 689 3140 754 3189; x_wconf 96' lang='lat' dir='ltr'>non</span> <span class='ocrx_word' id='word_1_166' title='bbox 761 3122 898 3204; x_wconf 85' lang='lat' dir='ltr'>litigent,</span> <span class='ocrx_word' id='word_1_167' title='bbox 910 3138 1015 3204; x_wconf 87' lang='lat' dir='ltr'>neque</span> <span class='ocrx_word' id='word_1_168' title='bbox 1030 3139 1102 3187; x_wconf 91' lang='lat' dir='ltr'>con-</span> 
     </span>
     <span class='ocr_line' id='line_1_26' title="bbox 163 3228 1099 3313; baseline 0.004 -22"><span class='ocrx_word' id='word_1_169' title='bbox 163 3228 296 3294; x_wconf 87' lang='lat' dir='ltr'>tendant</span> <span class='ocrx_word' id='word_1_170' title='bbox 319 3231 437 3313; x_wconf 76' lang='lat' dir='ltr'>vertis,</span> <span class='ocrx_word' id='word_1_171' title='bbox 462 3247 522 3297; x_wconf 91' lang='lat' dir='ltr'>neo</span> <span class='ocrx_word' id='word_1_172' title='bbox 546 3230 623 3296; x_wconf 90' lang='lat' dir='ltr'>alios</span> <span class='ocrx_word' id='word_1_173' title='bbox 642 3230 798 3312; x_wconf 87' lang='lat' dir='ltr'>judicent,</span> <span class='ocrx_word' id='word_1_174' title='bbox 827 3230 884 3296; x_wconf 88' lang='lat' dir='ltr'>sed</span> <span class='ocrx_word' id='word_1_175' title='bbox 910 3229 973 3293; x_wconf 89' lang='lat' dir='ltr'>sint</span> <span class='ocrx_word' id='word_1_176' title='bbox 999 3230 1099 3312; x_wconf 84' lang='lat' dir='ltr'>mites,</span> 
     </span>
     <span class='ocr_line' id='line_1_27' title="bbox 165 3333 1100 3421; baseline 0.002 -23"><span class='ocrx_word' id='word_1_177' title='bbox 165 3333 300 3417; x_wconf 89' lang='lat' dir='ltr'>pacifici,</span> <span class='ocrx_word' id='word_1_178' title='bbox 325 3342 359 3402; x_wconf 91' lang='lat' dir='ltr'>et</span> <span class='ocrx_word' id='word_1_179' title='bbox 384 3338 533 3421; x_wconf 87' lang='lat' dir='ltr'>modesti,</span> <span class='ocrx_word' id='word_1_180' title='bbox 561 3337 720 3403; x_wconf 86' lang='lat' dir='ltr'>mansueti</span> <span class='ocrx_word' id='word_1_181' title='bbox 743 3341 775 3402; x_wconf 94' lang='lat' dir='ltr'>et</span> <span class='ocrx_word' id='word_1_182' title='bbox 799 3335 947 3418; x_wconf 87' lang='lat' dir='ltr'>humiles,</span> <span class='ocrx_word' id='word_1_183' title='bbox 973 3335 1100 3402; x_wconf 81' lang='lat' dir='ltr'>honeste</span> 
     </span>
     <span class='ocr_line' id='line_1_28' title="bbox 121 3432 1098 3528; baseline 0.002 -26"><span class='ocrx_word' id='word_1_184' title='bbox 121 3432 126 3441; x_wconf 80' lang='grc'><strong>”</strong></span> <span class='ocrx_word' id='word_1_185' title='bbox 165 3438 334 3521; x_wconf 90' lang='lat' dir='ltr'>loquentes</span> <span class='ocrx_word' id='word_1_186' title='bbox 347 3444 505 3528; x_wconf 70' lang='lat' dir='ltr'>omnibus</span> <span class='ocrx_word' id='word_1_187' title='bbox 522 3445 605 3512; x_wconf 92' lang='lat' dir='ltr'>sicut</span> <span class='ocrx_word' id='word_1_188' title='bbox 618 3446 721 3510; x_wconf 92' lang='lat' dir='ltr'>decet.</span> <span class='ocrx_word' id='word_1_189' title='bbox 736 3444 773 3508; x_wconf 86' lang='lat' dir='ltr'>Dt</span> <span class='ocrx_word' id='word_1_190' title='bbox 786 3460 849 3507; x_wconf 96' lang='lat' dir='ltr'>non</span> <span class='ocrx_word' id='word_1_191' title='bbox 865 3443 999 3508; x_wconf 90' lang='lat' dir='ltr'>debeant</span> <span class='ocrx_word' id='word_1_192' title='bbox 1013 3441 1098 3523; x_wconf 86' lang='lat' dir='ltr'>eqni-</span> 
     </span>
     <span class='ocr_line' id='line_1_29' title="bbox 163 3545 1096 3633; baseline 0.005 -26"><span class='ocrx_word' id='word_1_193' title='bbox 163 3547 243 3628; x_wconf 87' lang='lat' dir='ltr'>tare‚</span> <span class='ocrx_word' id='word_1_194' title='bbox 266 3545 329 3611; x_wconf 89' lang='lat' dir='ltr'>nisi</span> <span class='ocrx_word' id='word_1_195' title='bbox 354 3550 522 3616; x_wconf 81' lang='lat' dir='ltr'>manifesta</span> <span class='ocrx_word' id='word_1_196' title='bbox 549 3550 751 3633; x_wconf 85' lang='lat' dir='ltr'>necessitate,</span> <span class='ocrx_word' id='word_1_197' title='bbox 764 3549 824 3614; x_wconf 86' lang='lat' dir='ltr'>·rel</span> <span class='ocrx_word' id='word_1_198' title='bbox 847 3547 1026 3613; x_wconf 88' lang='lat' dir='ltr'>infinnitate</span> <span class='ocrx_word' id='word_1_199' title='bbox 1047 3564 1096 3612; x_wconf 89' lang='lat' dir='ltr'>co-</span> 
     </span>
     <span class='ocr_line' id='line_1_30' title="bbox 133 3653 1091 3743; baseline 0.002 -29"><span class='ocrx_word' id='word_1_200' title='bbox 133 3655 287 3743; x_wconf 66' lang='lat' dir='ltr'>,gantur</span> <span class='ocrx_word' id='word_1_201' title='bbox 303 3653 339 3719; x_wconf 89' lang='lat' dir='ltr'>in</span> <span class='ocrx_word' id='word_1_202' title='bbox 352 3671 588 3740; x_wconf 82' lang='lat' dir='ltr'>quamcumque</span> <span class='ocrx_word' id='word_1_203' title='bbox 601 3659 732 3723; x_wconf 89' lang='lat' dir='ltr'>domum</span> <span class='ocrx_word' id='word_1_204' title='bbox 745 3656 943 3737; x_wconf 85' lang='lat' dir='ltr'>intraverint,</span> <span class='ocrx_word' id='word_1_205' title='bbox 958 3653 1091 3736; x_wconf 89' lang='lat' dir='ltr'>primdm</span> 
     </span>
    </p>
   </div>
   <div class='ocr_carea' id='block_1_6' title="bbox 0 0 1182 4120">
    <p class='ocr_par' dir='ltr' id='par_1_14' title="bbox 0 0 1182 4120">
     <span class='ocr_line' id='line_1_31' title="bbox 0 0 1182 4120; baseline 0 4"><span class='ocrx_word' id='word_1_206' title='bbox 0 0 1182 4120; x_wconf 95' lang='lat' dir='ltr'> </span> 
     </span>
    </p>
   </div>
  </div>
 </body>
</html>
