2354 4120
569 288 608 302 -
621 266 718 321 'LXXII
740 286 776 300 ·-

203 390 316 460 mundi
342 397 375 459 et
403 407 535 473 pompas
565 389 745 473 Nabofieas
775 405 832 472 per
851 392 969 454 nestrae
983 386 1147 454 servitutis

202 500 420 582 Ninisteriurn,
436 504 509 563 voto
525 497 659 563 solemni
682 495 906 561 abrenuntiare
920 496 1144 578 decreverunt,

201 606 246 672 ita
260 606 418 689 respicere
432 605 585 685 digneris,
601 608 638 668 ut
652 603 765 685 spiritu
780 603 972 670 mentissnae
986 603 1143 686 renovati,

200 719 342 780 veterem
353 713 519 778 hominem
529 728 602 777 cunr
611 702 736 777 actibus
750 711 817 775 suis
828 726 957 793 exuere,
968 715 1001 775 et
1008 726 1141 791 novum,

200 820 257 902 qui
276 821 451 885 seeundum
464 820 563 884 Deum
577 810 703 884 dreetns
717 823 775 900 est,
788 817 922 883 induere
946 821 1141 881 mereantur.

199 926 256 992 Per
268 928 425 1011 eumden
445 924 604 992 Christum
618 924 784 989 Dominum
805 930 958 990 nostrum.
975 921 1010 1003 N.
1027 922 1141 990 Arnen.

596 1126 740 1178 OREMUS.

182 1290 185 1297 -
237 1245 368 1313 Domine
388 1246 462 1311 Jesn
487 1244 619 1327 Christe,
636 1243 693 1327 qni
721 1260 756 1310 es
779 1243 843 1326 via,
869 1242 938 1309 sine
966 1259 1030 1325 qua
1043 1257 1139 1309 neruo

196 1353 283 1418 vadit
298 1355 338 1418 ad
347 1354 489 1434 Patrem3
501 1369 685 1434 qnaesurnus
700 1350 902 1417 elementiam
916 1355 1016 1432 tuam,
1032 1354 1070 1414 nt
1080 1351 1138 1414 hos

196 1461 331 1537 famulos
345 1466 416 1526 tuns
433 1461 522 1526 N.N..
539 1476 558 1522 a
572 1459 751 1524 carnalibus
765 1458 932 1523 desideriis
949 1457 1137 1540 abstractos,

195 1584 254 1648 per
267 1550 444 1657 aretarn'ee
462 1551 572 1633 'tutam
592 1568 748 1648 regularis
776 1564 952 1647 disciplina
974 1563 1060 1629 viam
1083 1565 1137 1632 de

194 1676 305 1760 dueaS,
324 1681 356 1741 et
379 1675 436 1758 qui
456 1680 638 1757 peccatores
653 1692 765 1740 vocare
778 1675 926 1754 dignatus
941 1689 987 1755 es,
1003 1671 1133 1737 dicens:

194 1783 305 1850 Venite
323 1787 363 1850 ad
377 1801 429 1849 rne
443 1801 566 1866 ornnes,
582 1783 638 1875 qui
651 1780 802 1848 laboretis
816 1787 849 1848 et
863 1781 983 1847 onerati
1001 1781 1092 1864 ustie,
1104 1785 1136 1846 et

194 1893 405 1979 egoreiieiam
418 1911 492 1957 ves:
509 1882 635 1975 praesta,
653 1897 689 1956 ut
708 1893 777 1957 haee
790 1905 852 1956 von
866 1889 1041 1955 vocationis
1056 1894 1131 1972 tua,

192 1997 237 2062 ita
251 1998 285 2063 in
300 1999 346 2063 eis
360 1998 514 2064 veraciter
524 1999 734 2081 convalescat,
743 2004 901 2080 quatenns
910 2012 1006 2061 onera
1019 2011 1132 2076 pecea-

190 2110 297 2172 torum
310 2086 517 2190 deponentes
533 2111 565 2172 et
579 2123 677 2189 quarn
691 2107 793 2172 duleis
803 2123 838 2172 es
848 2086 1065 2187 degustantes,
1077 2108 1133 2171 tua

102 2212 104 2215 ’
190 2214 361 2281 retentione
374 2201 546 2305 sustentari
560 2220 753 2280 mereantur.
780 2214 838 2292 Qui
862 2213 944 2280 vivis
968 2218 1000 2278 et
1014 2229 1131 2295 regnas

189 2323 224 2390 in
233 2325 350 2392 saeeula
359 2325 558 2391 saecnlnrnrn.
570 2323 605 2405 N.
621 2324 731 2390 Arnen.

403 2498 406 2505 ’
463 2500 465 2505 ’
575 2515 744 2596 tuendus·

229 2649 342 2713 Sancte
366 2648 512 2732 Spiritus,
536 2648 639 2732 quite
650 2649 760 2730 Deum,
776 2665 813 2712 ec
827 2648 995 2713 Dominum
1009 2654 1130 2716 morta-

186 2752 273 2821 libus
289 2756 429 2822 revelare
452 2757 601 2836 dignatus
626 2773 672 2840 es,
697 2756 886 2821 immensam
912 2762 976 2821 tuae
998 2756 1129 2837 pietatis

186 2863 414 2929 abundantiam
429 2863 615 2946 suppliciter
628 2880 813 2947 exoramus3
829 2869 876 2947 nt,
898 2863 1126 2948 suetudine,

185 2971 298 3054 spiras,
314 2972 360 3037 sic
379 2978 411 3038 et
429 2973 480 3036 his
507 2973 634 3038 famulis
648 2972 713 3037 tuis
726 2973 762 3036 N.
774 2973 823 3038 N..
835 2973 993 3037 Fratribus
1007 2974 1127 3057 nostris

78 3062 80 3071 ‘
184 3078 332 3144 affectum
345 3080 408 3160 piae
422 3080 600 3145 devotionis
614 3079 751 3162 inspires
769 3102 776 3144 :
793 3084 825 3145 et
835 3079 891 3161 qui
905 3085 960 3144 tua
970 3080 1126 3161 sapientia

184 3191 259 3252 sunt
273 3187 431 3270 conducti,
447 3193 502 3253 tua
524 3205 653 3271 quoque
669 3187 869 3254 Providentia
882 3174 1123 3273 gubernentnr3

183 3308 264 3375 quos
279 3293 374 3359 etiarn
400 3295 507 3360 uuetie
521 3300 577 3359 tna
597 3297 637 3361 de
651 3295 799 3360 omnibus
814 3297 936 3378 doceat,
953 3301 985 3361 et
999 3314 1057 3377 per
1069 3297 1122 3362 in-

181 3400 407 3467 tercessionem
421 3397 523 3467 Beatae
536 3402 673 3483 Virginis
695 3403 816 3489 Mariae,'
825 3409 1006 3470 sanctorum
1020 3404 1122 3487 ripes-

181 3511 318 3575 teiornm
329 3510 411 3577 Petri
426 3516 458 3577 et
471 3511 569 3593 Pauli,
586 3512 671 3577 Beati
678 3512 776 3578 Patris
790 3513 891 3578 nostri
905 3513 1009 3579 Sancti
1023 3514 1119 3580 Fran-

181 3617 268 3705 cisei‚
285 3636 321 3687 ae
335 3619 501 3687 Beaterurn
513 3621 550 3699 N.
564 3620 613 3689 N..
630 3626 662 3691 et
685 3621 828 3690 omniurn
849 3622 1047 3711 Sanctorum,
1069 3626 1117 3696 tae
