2354 4120
433 279 590 334 ..ῃ-

96 403 122 483 d.
141 406 309 470 Laudemus
323 407 357 469 et
371 402 641 482 superexaltemus
656 418 731 467 enm
744 401 778 466 in
793 401 924 467 saeoula.

96 510 124 593 i.
140 514 210 579 eost
222 519 351 595 partum
365 512 457 592 Virgo
471 509 621 574 inuiolata
634 509 849 591 permansisti.
930 513 945 583 ,’

94 618 122 698 d.
143 620 191 686 Dei
204 621 356 702 genitrix,
372 618 533 684 intercede
547 634 604 698 pro
620 616 725 682 nobis.
1007 610 1009 617 ’

96 722 121 806 i.
143 727 196 791 Ora
208 744 264 808 pro
276 726 382 808 nobis,
397 725 489 791 Beate
503 724 592 789 Pater
606 727 713 789 noster
727 723 900 789 Francisce.

93 829 120 910 d.
139 832 172 898 Ut
185 833 274 914 digni
288 832 460 900 efficiamur
473 827 738 912 promissionibus
752 829 876 896 Christi.

437 1058 583 1113 OREMUS..

91 1199 171 1284 Deus,
187 1204 280 1283 cuius
292 1200 520 1268 misericordia
541 1218 607 1266 non
630 1206 680 1266 est
701 1206 912 1285 numems,et
926 1203 984 1268 bo·

61 1304 149 1372 nitatis
161 1309 303 1373 infinitus
318 1312 366 1374 est
379 1307 560 1391 thesaurus,
574 1307 727 1389 piissimae
737 1308 895 1390 majestati
906 1314 982 1392 tuae,

61 1429 105 1491 pm
125 1416 241 1482 collatis
255 1416 362 1498 donis,
386 1415 503 1496 gratias
524 1414 661 1499 agimus,
677 1420 766 1479 tuam
781 1431 906 1496 semper
919 1416 984 1481 cle-

60 1520 195 1587 nentiam
218 1526 399 1603 exorantes,
419 1525 454 1585 ut
469 1521 525 1603 qui
540 1521 723 1602 petentibus
736 1521 894 1602 postulata
906 1537 983 1586 con-

60 1628 143 1712 cedis,
164 1631 296 1696 eosdem
317 1646 383 1695 nou
401 1629 552 1695 deserens
575 1631 614 1695 ad
637 1628 768 1711 praemia
791 1629 898 1696 [utura
920 1630 984 1696 dis-

59 1750 153 1814 ponas.

90 1841 219 1911 Concede
232 1861 294 1910 nos
303 1844 440 1909 famulos
454 1848 538 1926 tuos,
552 1861 737 1926 quesumus
746 1845 878 1911 Domine
886 1844 983 1929 Deus,

59 1957 194 2032 perpetua
207 1952 340 2035 mentis,
354 1958 386 2020 et
400 1952 538 2034 corporis
552 1953 686 2018 sanitate
700 1938 850 2035 gaudere,
865 1959 899 2018 et
912 1954 983 2035 glo·

59 2054 128 2121 riosa
146 2060 245 2125 Beatae
274 2059 378 2124 Mariae
402 2076 527 2140 semper
550 2058 683 2140 virginis
711 2059 939 2126 intercessione
966 2077 985 2124 a
1042 2124 1044 2130 Α

58 2167 188 2241 prasenti
200 2167 332 2233 liberari
346 2166 474 2231 tristitia
487 2171 520 2232 et
534 2170 653 2232 aeterna
668 2165 787 2247 perfrui
800 2167 923 2232 laetitia.

88 2273 172 2358 dem,
187 2266 245 2358 qui
258 2274 430 2340 Ecclesiam
443 2269 531 2339 tuam
545 2275 629 2340 Beati
644 2275 676 2339 P.
692 2275 728 2338 N.
743 2274 900 2339 Francisci
915 2291 983 2341 me·
1003 2330 1009 2339 .

58 2373 113 2440 ritis
132 2377 208 2443 toetu
231 2396 326 2444 novae
348 2377 445 2459 prolis
466 2376 660 2459 amplificas3
686 2377 790 2443 tribue
810 2378 914 2462 nohis,
943 2396 1007 2445 ex,

57 2480 113 2562 ejus
132 2485 312 2552 imitatione
337 2491 463 2551 terrena
485 2485 660 2568 despicere,
683 2489 714 2550 et
732 2487 911 2552 coelestium
925 2488 983 2554 do·

57 2605 153 2657 nomm
173 2611 303 2676 semper
325 2594 564 2676 participatione
587 2593 738 2676 gaudere.
755 2596 812 2661 Per
826 2595 983 2662 Christum

57 2694 218 2785 dominum,
234 2707 297 2768 etc.
316 2702 426 2767 Amen.
907 2710 910 2716 “

122 2806 151 2890 i.
172 2809 329 2875 Dominus
345 2809 520 2877 vobiscum.

125 2916 160 2997 d.
180 2918 218 2983 nt
232 2935 308 2983 cum
324 2917 437 2999 spiritu
450 2924 517 2985 tuo.

127 3023 158 3107 p.
178 3025 408 3092 Benedicamus
420 3027 563 3094 Domino

124 3131 159 3214 d.
181 3134 392 3216 deogratias.

90 3266 127 3334 Le
138 3269 304 3338 Celebrant
323 3278 433 3341 monto
447 3291 502 3340 sur
514 3275 549 3365 lo
559 3273 762 3355 marchepied
776 3274 817 3340 de
830 3273 938 3340 l’autel
952 3280 985 3341 et

64 3386 91 3437 sc
101 3382 243 3446 retourne
257 3398 339 3463 pour
350 3381 443 3447 henir
454 3382 486 3448 le
499 3382 611 3448 norice
625 3387 657 3448 et
670 3382 717 3448 les
730 3381 915 3447 assistants:

96 3508 255 3581 Benedicat
269 3533 326 3581 vos
341 3516 542 3597 omnipotens
554 3518 648 3600 Deus,
664 3518 752 3583 Pater
766 3520 798 3583 et
812 3512 908 3581 iilius
918 3515 986 3597 tet

67 3607 182 3693 Spiritus
196 3623 337 3686 sanctus.
353 3619 463 3687 tmen.
