2354 4120
532 322 727 373 ..mm-

160 451 193 516 et
204 452 274 513 tous
288 446 336 514 les
350 443 520 527 religieux,
538 459 595 523 per
609 410 796 508 anciennete
810 437 940 521 d'hebit,
955 437 1109 504 dennuni

160 573 223 622 aux
237 553 365 620 novices
380 551 410 619 le
423 552 527 618 baiser
540 551 580 617 de
594 549 721 631 peiren
735 564 788 615 ees
801 553 935 614 termes:

201 692 284 756 Deus
307 691 362 755 det
387 688 446 755 tibi
460 692 576 770 pacem
600 702 673 751 curn
687 682 932 767 perseverantie,
948 698 989 746 ou
1004 679 1106 746 bien:

162 801 223 865 Pax
237 805 355 865 tecum.

203 935 337 1001 celui-ci
352 935 492 1016 repond:
509 949 614 1014 amen,
631 950 691 997 eu:
708 946 780 996 cnm
792 927 907 1009 spiritu
921 929 987 990 tuo.

204 1072 301 1154 npres
315 1073 346 1138 le
359 1073 400 1138 Te
413 1072 523 1154 Deum,
539 1069 570 1135 le
586 1068 747 1135 eelebrent
759 1064 857 1132 reeite
870 1063 916 1129 les
930 1067 1056 1128 versets
1072 1068 1110 1128 et

164 1180 527 1263 oraisensquisuivent,
543 1180 655 1264 teurne
669 1192 741 1243 vers
754 1172 882 1240 l'autel:
1129 1190 1133 1197 ·

205 1316 239 1399 p.
262 1315 491 1381 Benedienmus
532 1296 660 1378 Patrem
689 1313 721 1376 et
748 1307 860 1373 Filium
888 1323 961 1372 cnm
989 1304 1109 1370 Sancto

164 1419 293 1503 Spiritu.
504 1478 512 1501 ,

205 1526 240 1608 ri.
264 1527 440 1592 Laudemus
454 1530 486 1591 et
499 1523 769 1606 superexaltemus
783 1507 858 1586 enm
868 1519 902 1583 in
913 1516 1041 1583 saeeulu.

202 1622 241 1717 p.
265 1635 336 1700 Post
349 1639 475 1716 parturn
488 1633 582 1714 Virgo
592 1631 749 1702 inviolate
762 1625 973 1711 permansisti.

207 1741 241 1821 ri.
265 1741 319 1807 Dei
334 1740 482 1822 genitrix,
493 1741 654 1805 intercede
668 1755 724 1820 pre
738 1735 840 1801 nobis.

209 1847 242 1929 i.
266 1849 324 1913 Ore
337 1865 394 1930 pro
408 1848 512 1931 nobis,
528 1849 620 1913 beate
634 1848 843 1927 paternoster
857 1838 1028 1906 Francisce.

208 1955 242 2038 ri.
265 1957 302 2022 Ut
316 1957 405 2038 digni
415 1951 862 2038 efficiemurpremissieniltus
875 1947 998 2015 Christi.

567 2265 709 2316 OREMUS.

209 2497 304 2577 Deus,
318 2495 409 2578 eujus
422 2495 648 2562 misericordiae
662 2498 786 2559 nonest
803 2508 955 2559 numerus
969 2497 1001 2559 et
1014 2493 1107 2559 honi-

169 2601 243 2666 tatis
267 2602 411 2667 infinitus
434 2608 484 2668 est
507 2603 686 2682 thesaurus,
707 2599 847 2683 pissimee
870 2599 1027 2682 majestati
1042 2605 1106 2665 ture

169 2725 226 2789 pre
241 2707 362 2772 collutis
384 2709 476 2774 donis
499 2709 616 2789 gratius
637 2708 774 2789 agimus,
789 2712 878 2771 tuum
897 2722 1022 2787 semper
1040 2706 1106 2772 ele·

170 2806 321 2880 mentium
336 2820 520 2897 exorantes;
537 2820 573 2880 ut
587 2815 643 2896 qni
663 2813 845 2896 petentibus
859 2813 1017 2894 postulata
1031 2831 1106 2879 eon-

169 2923 267 3007 eedis,
284 2926 413 2990 eosdem
436 2943 500 2991 non
515 2927 665 2991 deserens
693 2925 731 2988 ed
753 2921 883 3004 praemie
910 2922 1016 2988 futura
1046 2922 1107 2988 dis-

168 3047 277 3111 pones.
552 3021 554 3023 ’
1092 3052 1097 3059 ·

210 3138 351 3207 Concede
365 3159 423 3207 nos
436 3140 572 3206 famulus
582 3144 665 3222 tues,
683 3155 866 3220 qnaesnmus
877 3138 1006 3205 Domine
1016 3129 1106 3223 Deus,

170 3254 323 3328 perpetue
341 3250 458 3315 mentis
469 3253 501 3314 et
516 3241 658 3328 eorporis
673 3246 806 3312 sanitate
821 3246 972 3328 gaudere,
990 3253 1021 3312 et
1036 3247 1105 3329 piu-

10 3390 11 3461 3
43 3399 45 3403 .
123 3388 130 3399 κ
171 3352 253 3417 riusa
272 3353 375 3420 heatae
398 3356 500 3420 Muriee
525 3370 651 3435 semper
673 3352 823 3434 Virginis
837 3352 1108 3437 intercessione,a

169 3461 318 3538 praesenti
331 3462 458 3527 liberari
472 3461 602 3528 tristitia
612 3464 644 3524 et
657 3464 778 3524 reterns
787 3459 905 3540 perfrui
920 3460 1042 3525 Iaetitin.

209 3563 302 3649 Deus,
318 3568 373 3648 qui
387 3566 559 3634 Ecclesium
574 3571 661 3630 tuum
676 3566 707 3630 B.
724 3566 757 3630 P.
773 3566 808 3632 N.
826 3566 981 3632 Franeisci
987 3568 1107 3634 meritis

167 3670 245 3736 foetu
259 3690 349 3740 nuvae
363 3674 461 3756 prolis
475 3674 662 3756 empiricam
679 3673 783 3742 tribue
792 3674 896 3757 nubis,
907 3691 946 3740 ex
957 3674 1026 3757 eJus
1036 3676 1103 3741 irni-
