2354 4120
454 304 656 359 tantm!-

281 420 363 490 Fuus
390 420 493 506 uivus,
513 422 610 507 iguis,
641 419 753 490 raritas

282 531 319 598 Iit
340 529 490 613 spiritalis
509 531 629 597 unctio.
654 614 657 619 ἕ

171 693 184 715 ·
289 693 334 759 'iu
362 693 552 776 septiformis
576 709 722 779 munere,

234 802 245 809 ”
284 800 407 882 Digitus
432 804 572 882 peternae
597 802 750 886 dexterae,

285 896 331 973 Tu
354 908 413 974 rite
434 909 629 989 promissum
654 908 753 974 Petris

288 1017 437 1082 Sermone
459 1015 565 1082 ditans
587 1020 728 1098 gutture.

253 1220 256 1225 -
287 1175 430 1241 tenende
448 1175 557 1241 iumen
584 1174 742 1259 sensibus,

286 1285 418 1351 infunde
440 1300 579 1350 umorem
605 1284 765 1368 cordibus

286 1393 410 1458 infirma
430 1391 531 1457 nostri
552 1392 703 1474 eorporis,

285 1499 407 1565 Virtute
428 1501 557 1564 firmans
575 1498 709 1582 perpeti.

288 1662 417 1727 Hostem
445 1660 579 1743 repelles
602 1661 741 1745 lougius,

287 1768 463 1849 Patremque
491 1768 589 1835 dones
608 1768 775 1851 protinus3
809 1788 812 1795 ¹

288 1874 420 1951 Ductore
438 1872 530 1939 siste
548 1872 677 1956 praevi0‚

286 1980 428 2047 vitemus
455 1996 551 2046 0111110
573 1979 715 2046 noxium.

288 2147 345 2212 Per
365 2149 398 2211 te
417 2145 557 2211 sciemus
579 2147 620 2212 da
637 2145 772 2229 Patrem,

285 2254 456 2320 Nossemus
477 2259 573 2336 atque
595 2253 720 2337 Filium,

257 2363 393 2444 ,Teque
420 2361 589 2444 utriusque
616 2361 766 2443 Spiritum

289 2470 458 2536 Credamus
477 2469 565 2535 omni
583 2474 737 2552 tempure.

290 2629 351 2695 Deo
376 2629 457 2694 Patri
476 2629 518 2695 sit
541 2629 653 2712 gloria,

287 2736 424 2819 EJusque
445 2737 504 2802 suli
527 2737 615 2820 Filio,

287 2843 363 2909 Cum
383 2843 501 2925 Spiritu
520 2843 682 2924 Peraclitu,

284 2950 371 3016 Nunc
383 2956 416 3017 et
433 2967 490 3034 per
508 2967 602 3017 omne
625 2951 791 3018 saeculum.

125 3084 909 3212 111111111111111111,1100011111011101111111

163 3224 195 3306 i.
217 3220 333 3293 iimitte
347 3221 498 3302 Spiritum
510 3224 602 3285 tuum
617 3226 650 3288 et
662 3222 862 3289 creabuntur.
922 3252 924 3261 s

163 3330 199 3413 ri.
222 3329 259 3396 ut
273 3328 442 3397 renovabis
456 3327 568 3395 faciem
580 3334 684 3396 terrae.

481 3525 624 3576 OREMUS.

126 3665 214 3749 Deus,
240 3663 297 3749 qui
316 3664 411 3730 eorda
433 3659 575 3727 fidelium
598 3658 700 3728 Sancti
724 3658 857 3742 Spiritus
878 3659 1016 3728 illustra·
