2354 4120
435 290 474 305 -
495 272 588 323 mn
608 290 644 306 .-

108 391 161 458 Les
173 389 318 457 oraisons
343 387 446 472 finies,
462 389 493 455 le
509 374 670 455 celebrant
685 393 779 473 ayant
792 387 854 457 mis
875 386 916 452 de
928 384 1008 452 l’en·

71 513 140 563 cens
152 500 233 564 dans
256 497 457 580 l'euoensoir,
482 514 616 579 asperge
639 497 730 563 d'eau
750 496 858 563 benite
881 494 912 560 le
934 510 1009 576 pos-

70 605 168 671 tulant
181 605 265 670 ainsi
287 621 351 687 que
365 604 486 687 l’habit,
511 604 588 687 qu'il
602 621 739 670 euoense
752 605 793 670 de
806 603 883 668 trois
898 618 1008 684 ooups.

69 714 107 779 Le
120 715 197 780 Pero
210 717 326 779 mettre
349 718 382 778 et
403 712 451 778 ios
470 700 613 794 'acolytos
633 712 829 795 depouillent
854 710 885 777 le
899 715 1010 792 nostu-

67 818 131 885 laut
145 822 188 886 de
208 836 260 886 ses
274 818 380 884 habits
394 820 438 884 du
451 819 567 885 monde
576 819 715 900 pendant
729 819 836 902 quale
850 817 1011 884 celebrant

69 928 112 993 dit
123 952 132 995 ε

104 1063 210 1127 Exuet
225 1064 259 1126 te
274 1061 423 1126 Dominus
442 1065 582 1127 veterem
602 1060 861 1146 hominemeum
889 1059 1015 1126 actious-

68 1168 276 1237 suiS.Ameu.
800 1195 808 1203 ·

85 1380 87 1385 ,
104 1302 155 1367 En
167 1299 215 1365 lui
230 1304 367 1366 mettant
378 1300 408 1366 la
422 1300 555 1383 turrique
568 1323 575 1366 :

104 1435 224 1499 Induat
237 1439 270 1499 te
283 1433 433 1499 Dominus
447 1451 566 1499 novum
578 1434 753 1511 hominem,
766 1435 822 1517 qui
837 1437 1013 1503 seeundum

68 1541 171 1607 Deum
184 1547 308 1607 oreatus
331 1547 380 1607 est
406 1541 441 1606 in
463 1541 589 1622 justitia
610 1546 642 1609 et
669 1542 835 1610 sanctitate
858 1544 1012 1611 veritatis.

68 1645 183 1711 Amen.

108 1777 252 1843 Pendant
266 1775 363 1858 qu'on
375 1792 509 1859 arrange
532 1795 590 1844 son
613 1777 711 1870 nanu,
738 1776 769 1847 le
783 1734 945 1848 celebrant
958 1779 1014 1847 fait

69 1890 155 1953 cette
170 1884 297 1967 priene:

109 2017 245 2084 Domine
253 2018 328 2084 Jesu
336 2018 467 2103 Christe,
478 2018 663 2103 quidixisti:
674 2019 792 2102 iugum
798 2038 908 2089 meum
917 2039 1014 2089 suave

70 2130 163 2193 estet
177 2142 259 2190 onus
272 2141 382 2190 meum
396 2125 485 2210 leve3
501 2132 627 2211 praesta,
644 2144 840 2212 quaesumus,
855 2134 892 2194 ut
905 2129 985 2196 hiet
1001 2165 1015 2178 -

69 2234 281 2317 mutuamus,
298 2234 343 2300 sio
353 2233 439 2298 istud
446 2239 573 2316 portare
582 2234 698 2317 valeat,
710 2239 746 2299 ut
755 2235 855 2316 possit
865 2237 1015 2318 consequi

69 2349 159 2409 tuam
173 2341 310 2425 gratiam
333 2341 368 2407 in
389 2341 550 2426 praesenti,
565 2346 598 2408 et
617 2342 751 2423 gloriam
769 2343 803 2409 iu
826 2343 942 2411 future.
959 2344 1015 2412 Per

73 2450 231 2519 Christum
244 2449 411 2516 Dominum
424 2455 578 2515 nostrum.
591 2450 702 2518 Amen.

112 2584 158 2650 En
170 2583 203 2650 1θ
224 2586 368 2649 revetaut
384 2557 428 2648 du
441 2599 578 2666 eapuoe:

111 2719 195 2785 Pone
208 2718 352 2799 Domine,
379 2719 540 2799 caputium
564 2719 676 2785 salutis
700 2708 860 2803 incapite
884 2720 953 2802 eJ'us
975 2722 1015 2787 ad

73 2826 301 2909 expugnandas
326 2824 499 2891 diabolicas
520 2825 658 2893 fraudes.
684 2828 740 2894 Per
770 2828 928 2894 Christum
955 2829 1015 2895 Do·

72 2936 194 3002 minum
208 2940 364 3001 nostrum.
380 2933 491 3002 Arnen.

110 3071 158 3137 Au
170 3076 316 3137 moment
330 3072 372 3136 ou
388 3088 429 3136 on
443 3072 475 3137 le
489 3071 574 3139 oeint
587 3073 632 3139 du
646 3074 783 3140 cordon:

110 3203 286 3285 Praeoingat
296 3207 330 3269 te
338 3202 490 3268 Dominus
501 3203 630 3286 cingulo
639 3203 796 3287 puritatis
809 3209 841 3271 et
852 3206 1017 3288 extinguat

73 3311 105 3378 iu
129 3313 250 3379 lumbis
273 3311 339 3378 tuis
367 3310 535 3376 humorem
556 3311 698 3377 libidinis
721 3317 758 3378 ut
782 3318 909 3380 maneat
926 3315 960 3378 iu
984 3319 1017 3383 te

75 3420 168 3489 virtus
181 3420 393 3489 eontinentiae
419 3422 453 3485 et
474 3419 637 3489 eastitatis.
662 3421 718 3487 Per
732 3420 889 3487 Christum
911 3421 1016 3488 Domi-

75 3545 147 3597 num
160 3534 318 3598 nostmm.
333 3528 447 3595 Arnen.

112 3637 151 3707 te
164 3638 279 3709 novioe
293 3654 329 3707 se
344 3637 444 3705 retire
458 3650 500 3702 au
513 3634 584 3704 coin
599 3636 639 3705 de
652 3618 790 3720 riprue,
801 3633 843 3699 ott
857 3637 951 3716 ayant
965 3633 1018 3700 de
