2396 4112
459 256 465 267 1
546 311 726 377 -101-

212 453 240 516 1.
259 451 419 531 aevoque,
442 462 544 529 casse,
568 445 675 528 retiis,
700 445 837 526 abroges
860 450 894 512 et
920 446 1038 511 annulo
1065 446 1107 511 de

169 560 357 641 plustnutes
379 555 592 638 concessions,
616 560 687 619 tous
705 554 876 636 privileges
890 558 925 619 et
943 554 1107 637 pouvoirs,

168 670 274 732 tontes
291 665 429 730 licences
442 668 475 730 et
489 666 599 744 greces
613 662 778 727 accordees
792 661 914 727 devive
929 661 1003 728 voix
1017 661 1109 743 quoi-

171 789 234 855 que
250 771 421 854 portantia
441 769 603 849 signature
618 772 650 834 et
661 767 692 834 le
706 783 800 833 soeau
814 783 928 848 propre
941 767 1020 832 d'un
1035 768 1108 834 car·

170 880 254 944 dinol
268 884 301 944 et
315 878 459 958 redigees
474 876 514 941 de
528 892 563 941 sa
577 891 691 958 propre
704 873 801 958 mein,
814 875 888 957 quel
902 875 982 958 qu’il
996 875 1108 957 puisse

172 991 250 1068 etro,
275 985 415 1067 quoique
435 989 540 1048 meme
562 984 715 1048 obtendes
734 998 790 1046 sur
809 981 973 1048 l'instance
996 989 1031 1048 et
1052 1001 1111 1064 par

172 1094 269 1175 egard
283 1098 315 1159 et
328 1090 560 1159 consideration
574 1090 822 1171 dei’empereur‚
837 1088 912 1154 d'un
921 1088 1020 1154 roiou
1030 1090 1108 1155 d'uu

172 1201 282 1283 prince
295 1200 505 1283 quelconque.

213 1312 244 1373 2.
266 1308 302 1373 iit
315 1308 455 1371 ordonna
479 1308 498 1368 d
525 1307 597 1368 tous
624 1303 672 1368 les
699 1303 859 1368 defleretur
879 1307 911 1367 et
925 1302 1113 1383 superieurs

172 1413 304 1494 Mojeurs
324 1414 365 1478 de
385 1414 474 1475 toute
485 1407 640 1489 Religion,
654 1408 695 1471 de
718 1410 788 1471 tout
801 1406 898 1470 Ordre
916 1423 958 1470 ou
971 1406 1111 1488 institut,

174 1522 246 1586 d’en
259 1521 380 1585 donner
392 1516 460 1581 aris
483 1517 561 1580 dens
576 1514 711 1595 l’espace
725 1515 766 1578 de
779 1513 858 1578 trois
871 1513 964 1594 mois,
980 1515 1114 1595 epartir

174 1630 219 1693 du
229 1627 303 1709 J'our
316 1627 357 1692 de
371 1626 401 1690 la
424 1624 630 1707 publication,
651 1627 670 1687 d
693 1620 872 1687 tous'leurs
893 1621 1111 1704 erovindaux,

174 1734 338 1803 etceux-ci
351 1750 414 1797 aux
428 1731 614 1813 Superieurs
627 1730 751 1811 locuni,
767 1746 841 1794 sous
854 1729 948 1810 peine
957 1729 1113 1795 d'excom·

175 1839 380 1921 muricatim,
409 1837 567 1921 privation
594 1836 730 1901 d’offices
748 1841 781 1900 et
799 1835 939 1916 dignites
966 1837 1008 1901 de
1042 1835 1113 1900 voir

177 1948 279 2015 active
293 1952 325 2012 et
338 1945 463 2026 passive
477 1962 495 2008 a
511 1942 656 2010 encourir
669 1959 726 2024 por
739 1942 770 2009 le
780 1942 849 2009 seul
861 1941 929 2007 fait.

216 2056 421 2136 Nonohstant,
436 2058 497 2119 etc.

553 2240 734 2256 μ

178 2425 412 2487 nn'ennnmorr
437 2438 481 2485 nr
511 2434 728 2497 unsnmerrop
755 2437 801 2483 nn
826 2435 870 2482 nn
891 2424 1113 2485 rnncdnnnnn

520 2542 770 2592 cossuruurrorr.

219 2905 291 2970 XIX.
309 2941 344 2951 -
360 2907 401 2973 Le
414 2911 518 2975 meme
536 2909 617 2990 Pepe
631 2908 745 2975 Urbein
762 2908 835 2991 Viil,
862 2922 920 2989 par
942 2924 1008 2973 nne
1030 2911 1116 2972 autre

180 3013 385 3080 constitution
398 3017 491 3082 dotee
513 3019 557 3082 du
571 3019 610 3083 12
629 3018 707 3082 avril
729 3018 818 3099 1635,
843 3016 901 3098 qui
917 3032 1114 3096 commende,

180 3120 272 3184 Alias
286 3121 391 3201 felicis
403 3123 648 3206 recordationis,
664 3123 798 3206 declara,
814 3141 869 3188 sur
883 3123 924 3188 de
934 3123 1041 3203 justes
1058 3123 1116 3188 rei·

180 3242 266 3309 sons,
288 3245 353 3309 que
376 3244 415 3317 se
433 3228 554 3294 susdite
576 3229 782 3295 constitution
805 3234 837 3295 et
862 3230 1048 3295 revocation
1076 3231 1115 3295 de

182 3338 287 3399 tontes
301 3338 410 3414 greces
424 3335 631 3402 obtenuesde
640 3336 713 3402 vive
726 3337 801 3401 voix
814 3352 855 3401 ne
869 3335 1038 3402 s’etendait
1052 3353 1116 3418 pas,
1187 3358 1188 3405 4

182 3445 215 3504 et
242 3439 320 3522 qu'ii
340 3457 381 3506 ne
404 3441 523 3506 rouleit
547 3459 603 3523 pes
624 3442 776 3508 l’etendre
798 3446 817 3507 ri
841 3459 892 3509 ses
920 3443 1061 3508 Officiers
1080 3461 1118 3507 ou

182 3549 348 3631 iiinistres‚
363 3552 559 3635 auxquelse
573 3553 677 3619 raison
690 3554 731 3619 de
744 3553 816 3619 leur
829 3553 930 3636 office,
957 3554 1075 3635 charge
1088 3558 1118 3617 et

183 3658 312 3740 emploi,
327 3658 351 3721 11
365 3663 413 3724 est
426 3659 558 3741 d’usage
572 3666 605 3727 et
618 3662 658 3727 de
671 3661 781 3727 devoir
794 3678 858 3744 que
872 3660 937 3727 l'on
950 3662 1059 3744 ajoute
1075 3660 1114 3728 foi
1186 3742 1187 3751 ἶ
