2354 4120
555 310 699 359 ..ιχ-

160 424 223 494 sint
245 427 379 512 singuli,
404 427 432 494 si
453 426 624 511 voluerint,
643 433 676 495 et
696 427 743 494 eis
764 428 913 512 expedire
926 429 1100 513 videbitur,

159 538 272 604 eodem
287 554 368 603 anno
384 538 418 603 in
432 536 499 603 suis
518 536 674 603 custodiis
697 539 796 604 semel
819 538 938 605 Fratres
961 554 1035 604 suos
1060 540 1102 604 ad

161 644 338 726 Capitulum
352 660 536 711 convocare.

462 833 504 896 De
517 832 812 898 eradicarentur:
866 874 869 875 ν

411 1035 559 1084 NONUM
586 1034 848 1084 GAPITULUM.

199 1181 320 1247 Fratres
343 1197 407 1245 non
426 1180 599 1263 praedicent
612 1181 646 1245 in
660 1181 847 1262 Episcopatu
862 1181 996 1262 alicuius
1010 1181 1102 1263 Fpis-

160 1286 243 1368 copi,
268 1301 342 1352 cum
364 1285 405 1349 ab
427 1301 465 1351 eo
487 1283 551 1350 illis
574 1285 670 1350 luerit
683 1286 922 1352 contradictum.
939 1286 975 1351 Ft
990 1286 1102 1351 nullus

159 1394 300 1459 Fratrum
322 1393 439 1474 populo
461 1391 588 1473 penitds
609 1393 724 1457 audeat
737 1392 919 1475 praedicare,
935 1392 996 1457 uisi
1011 1395 1030 1456 a
1044 1392 1100 1457 Mi·

159 1503 259 1567 nistro
273 1500 415 1566 Generali
436 1499 531 1582 hujus
552 1499 764 1565 Fraternitatis
783 1500 878 1566 inerit
901 1501 1101 1566 examinatus

159 1615 192 1678 et
214 1610 417 1693 approbatur,
442 1613 475 1673 et
499 1609 537 1673 ab
562 1625 599 1673 eo
623 1607 685 1672 sibi
708 1608 845 1674 officium
866 1608 1101 1690 praedicationis

160 1734 358 1784 concessum.
383 1716 491 1780 illoneo
507 1728 653 1795 ‚qnoque
678 1720 711 1779 et
725 1713 873 1778 exhortor
887 1715 1015 1779 eosdem
1029 1715 1100 1778 Fra-

159 1830 235 1906 tres,
251 1829 287 1888 ut
301 1823 334 1886 iu
348 1820 571 1903 predicatione
587 1836 682 1901 quam
696 1820 827 1903 iaciunt,
843 1820 907 1885 sint
920 1820 1100 1885 examinata

159 1937 192 1998 et
206 1937 415 1997 castaeorum
429 1927 566 2009 eloquia,
577 1928 617 1992 ad
630 1926 800 1993 utilitatem
814 1932 846 1992 et
858 1926 1099 1993 edificationem

158 2040 280 2123 populi,
306 2036 521 2102 annuntiando
546 2036 593 2101 eis
614 2036 690 2100 vitia
713 2042 746 2102 et
765 2037 910 2118 virtutes,
926 2054 1053 2118 poenam
1066 2041 1099 2102 et

159 2146 304 2229 gloriam,
320 2162 392 2212 cum
406 2145 561 2210 brevitate
575 2145 740 2226 sermonis,
751 2144 826 2226 quia
835 2145 968 2210 verbum
982 2145 1099 2210 abbre-

160 2253 780 2332 viatumlecitDominussuperterram.
1100 2262 1103 2265 ‘

274 2441 319 2506 De
332 2440 555 2505 admonitione
569 2447 599 2504 et
612 2441 804 2505 correctione
818 2442 981 2506 Fratrum.

442 2641 596 2693 DEGIMUM
616 2640 816 2691 GAPITULUM.

201 2787 333 2869 Fratres
349 2785 405 2869 qui
419 2789 493 2850 sunt
506 2784 637 2850 Ministri
651 2788 683 2850 et
698 2785 780 2851 servi
794 2783 929 2851 aliorum
945 2787 1095 2869 Fratrum,

161 2896 289 2962 visitent
319 2899 351 2962 et
377 2898 526 2959 moneant
552 2894 672 2959 Fratres
700 2910 786 2976 sace,
816 2899 849 2960 et
876 2894 1039 2959 humiliter
1066 2900 1097 2960 et

10 2976 13 3003 b
123 3029 128 3038 ¹
161 3002 344 3079 charitative
355 3002 588 3084 corrigentem,
599 3019 663 3067 non
677 3002 897 3083 precipientes
909 3001 1101 3086 eisaliquid,¹

161 3113 247 3193 quod
268 3110 309 3176 sit
329 3115 437 3178 contra
460 3110 597 3176 animam
616 3127 706 3176 suam
729 3115 762 3175 et
779 3110 933 3190 Regulam
946 3114 1094 3177 nostram.

161 3218 282 3284 Fratres
307 3235 394 3300 veru,
424 3217 479 3299 qui
508 3221 582 3283 sunt
609 3217 739 3300 subditi,
767 3217 984 3300 recordentur,
1014 3219 1096 3299 quod

161 3332 290 3408 propter
299 3328 397 3391 ileum
411 3327 646 3408 abnegaverunt
660 3325 800 3408 proprias
810 3326 999 3392 voluntates.
1012 3327 1095 3392 lindi

163 3432 293 3498 tirmiter
302 3432 450 3513 praecipio
465 3434 523 3514 eiS,
535 3438 571 3496 ut
585 3431 733 3497 obediant
747 3431 813 3497 suis
822 3431 968 3498 Ministris
981 3432 1015 3498 in
1029 3449 1094 3497 om·

163 3541 269 3623 nihus,
296 3558 368 3622 quae
392 3541 605 3622 promiserunt
624 3541 753 3606 Domino
777 3541 954 3621 ohservare,
981 3546 1014 3605 et
1035 3559 1110 3606 nou·

164 3653 238 3716 sunt
258 3648 411 3715 contraria
424 3648 537 3715 animae
552 3664 631 3730 suae,
646 3651 679 3713 et
693 3648 821 3728 Regulae
834 3651 960 3712 nostrae.
976 3647 1011 3712 lit
1026 3648 1095 3713 ubi-
