2354 4120
485 307 591 357 -vn
611 326 654 357 -.

94 426 205 494 dicam:
220 427 298 493 Pac
310 427 389 492 buia
404 427 526 494 domni.
538 428 575 493 Et
587 429 765 495 secundum
778 429 927 496 Sanctum
936 431 1034 499 livan-

90 536 218 620 galium,
234 539 278 603 de
293 536 447 603 omnibus
460 536 550 619 cibis,
566 538 622 619 qui
642 544 846 619 apponuntur
868 541 927 624 eis,
941 541 1035 609 liceat

90 646 293 712 manducare.

206 860 304 939 Quod
324 861 452 924 Fratres
469 878 538 923 omo
558 863 716 942 recipient
727 865 912 943 peccatam.
1008 916 1015 930 ,

371 1090 530 1146 QUARTUM
554 1092 757 1141 GAPI'I‘ULUM.

124 1226 430 1316 Pracipio'firmtter
443 1234 601 1299 Fratribus
611 1234 781 1318 universis,
791 1240 828 1300 ut
841 1235 929 1300 nullo
937 1238 1032 1302 modo

87 1342 247 1425 denarios,
264 1342 320 1408 vel
344 1341 510 1422 pecuniam
524 1341 677 1424 recipiant
695 1359 752 1423 per
772 1359 818 1425 se,
835 1344 887 1409 vel
900 1361 958 1424 per
980 1345 1032 1408 in-

85 1451 276 1531 terpositam
290 1464 469 1530 personam.
486 1450 604 1515 Tamen
618 1467 676 1531 pro
690 1451 934 1516 necessitatibus
948 1450 1033 1516 infir·
1058 1474 1063 1482 ·

86 1573 222 1637 morum,
239 1561 278 1623 et
291 1556 529 1623 aliislratribus
541 1557 723 1639 induendiS,
738 1575 795 1639 per
808 1558 926 1624 amicos
936 1558 1031 1640 spiri-

85 1664 197 1747 tuales,
214 1664 353 1729 llinistri
366 1665 501 1747 tantrlm,
523 1669 556 1731 et
577 1666 728 1731 Custodes
742 1666 908 1732 sollicitam
923 1683 1031 1731 curam

87 1778 196 1850 gerant
219 1772 402 1838 secundum
424 1771 503 1854 loca,
533 1777 566 1837 et
592 1777 745 1853 tempora,
770 1779 803 1838 et
824 1773 956 1855 frigidas
980 1789 1032 1838 re-

66 1964 70 1969 ,
87 1876 208 1961 giones,
225 1879 312 1944 sicut
325 1877 508 1943 necessitati
521 1878 659 1944 viderint
673 1879 833 1961 expedire.
849 1881 892 1946 llo
905 1895 1031 1961 semper

87 1984 184 2067 salvo,
214 1990 253 2050 ut
277 1984 362 2050 sicut
384 1983 503 2049 dictum
528 1989 586 2065 est,
618 1984 763 2050 denarios
787 1986 839 2051 vel
861 1985 1030 2066 pecuniam

87 2107 149 2156 uon
162 2092 331 2174 recipiant.

384 2339 427 2402 De
439 2340 534 2402 modo
551 2340 734 2404 laborandi.

335 2541 511 2597 QUINTUM
538 2541 782 2591 GAPITULUM.

126 2688 249 2755 tratres·
272 2687 332 2769 illi,
354 2686 472 2769 quibus
495 2688 629 2769 gratiam
653 2688 740 2754 dedit
763 2688 912 2754 Dominus
938 2688 1027 2755 labo·

88 2793 184 2876 randi,
209 2793 358 2859 laborent
380 2792 514 2859 fideliter
537 2798 569 2858 et
591 2794 719 2875 devote,
740 2795 785 2859 ita
798 2795 884 2876 quod
899 2793 1027 2860 excluso

88 2898 148 2964 otio
170 2900 289 2965 anima
310 2898 452 2981 inimico,
479 2904 595 2964 sanctae
619 2899 770 2965 orationis
794 2905 826 2966 et
849 2900 1027 2966 devotionis
1112 2962 1118 2979 ,

89 3006 233 3086 spiritum
255 3024 320 3072 non
342 3007 540 3089 extinguant,
563 3008 615 3073 cui
638 3009 755 3073 debent
775 3012 889 3073 caetera
902 3014 1026 3089 tempo-

89 3114 161 3180 ralia
183 3113 357 3181 deservire.
382 3115 425 3180 lle
447 3116 593 3181 mercede
615 3118 689 3180 vero
711 3115 840 3198 laboris,
859 3133 916 3195 pro
931 3133 977 3198 se,
993 3122 1025 3182 et

89 3222 152 3287 suis
172 3223 333 3290 Fratribus
358 3223 497 3304 corporis
520 3223 697 3290 necessaria
724 3223 888 3305 recipiant,
912 3229 1027 3305 praeter

89 3329 240 3415 denarios,
256 3331 309 3398 vel
321 3330 503 3413 pecuniam.
518 3333 554 3397 st
567 3332 628 3397 hoc
641 3331 815 3414 humiliter,
831 3332 913 3397 sicut
933 3334 1025 3400 decet

90 3452 191 3506 servos
206 3440 271 3523 bei,
285 3444 319 3506 et
333 3439 528 3521 paupertatis
542 3437 750 3505 sanctissimae
764 3442 946 3505 sectatores.
