2400 4110
443 312 481 329 ...
502 296 562 348 ΜΠ
583 316 619 330 ..-

76 415 264 499 oontmristis,
289 419 322 482 et
336 415 471 483 restituo
484 435 541 483 vos
565 414 771 486 sacramentis
795 422 1002 488 saerosanctae

72 525 161 591 matris
172 527 340 609 Ecclesiae,
357 529 390 592 et
404 526 553 592 omnibus
571 527 693 593 actibus
707 527 871 612 legitimis,
886 536 918 595 et
932 520 1002 612 'pie-

69 629 169 692 nariam
182 630 425 713 indulgentiam
438 629 530 695 vobis
544 633 700 697 concedo:
779 688 782 693 Α

101 736 273 802 innomine
286 736 388 802 Patris
401 741 434 802 et
448 736 551 820 liliit
565 742 598 804 et
612 739 746 820 spiritus
760 741 871 808 sancti.
888 742 998 811 lmen.

100 841 291 923 lliominus
306 844 486 910 vobiscum.
549 926 553 933 Ι

93 951 123 1031 rt.
143 952 279 1019 Etcum
297 952 414 1034 spiritu
428 958 496 1019 tuo.

460 1209 604 1260 OREMUS.

88 1378 181 1464 beus,
208 1381 272 1464 qui
299 1397 318 1444 u
341 1379 449 1445 saecuii
463 1379 602 1445 vanitate
618 1395 787 1445 conversos
801 1380 840 1444 ad
854 1379 999 1446 bravium

57 1499 196 1566 supemae
220 1488 399 1554 vocationis
422 1488 578 1569 accendis,
604 1492 636 1552 et
661 1487 717 1569 qui
744 1487 998 1554 renuntiantibus

55 1596 163 1660 saeculo
185 1595 375 1661 mansiones
396 1612 486 1676 parus
507 1595 541 1659 in
559 1595 669 1678 cmiis3
686 1594 782 1660 dilate
796 1612 850 1660 eor
863 1595 998 1660 famulo-

56 1716 119 1764 mm
142 1708 280 1768 tuorum
301 1702 484 1793 coeiestibus
506 1701 610 1784 doniS,
630 1706 667 1766 ut
681 1702 818 1766 fraterna
831 1702 998 1768 nobiscum

55 1810 218 1875 teneantur
228 1811 419 1892 compagine
430 1808 793 1891 eharitatis;unuuimes,
803 1815 993 1891 constanter,

57 1913 154 1995 sobrii,
168 1916 335 1998 simplices
345 1922 378 1981 et
388 1915 501 1998 quieti,
512 1915 670 1995 regularia
680 1920 860 1981 sanctornm
871 1920 996 1997 patrum

57 2018 196 2090 institute
218 2024 420 2106 custodiant3
436 2029 468 2090 et
482 2025 521 2089 ed
535 2041 611 2090 eum
625 2041 733 2107 quem,
756 2031 788 2090 te
808 2024 994 2106 inspirante,

58 2130 256 2204 perfectiouis
275 2131 423 2212 spiritum
437 2135 661 2213 concepemnt,
678 2137 710 2197 te
724 2131 905 2212 adjuvante,
921 2148 995 2212 per-

58 2236 188 2304 venunt.
204 2241 263 2306 Per
277 2237 433 2337 Christum
447 2238 614 2343 bominum
628 2244 784 2304 nostrum.
800 2238 911 2303 Amen.

454 2495 597 2545 OREMUS.

92 2661 219 2732 bomine
231 2667 308 2732 Jesu
322 2665 453 2747 Christe,
470 2666 546 2748 dux,
563 2666 648 2732 sulus
662 2672 695 2732 et
712 2666 862 2731 tortitudo
873 2673 992 2752 nostre,

62 2764 215 2841 humiliter
229 2774 380 2855 petimus,
393 2779 428 2836 ut
442 2774 578 2838 tumulos
591 2779 663 2840 tuos
679 2791 759 2856 quos
773 2780 891 2840 sunctae
904 2793 990 2840 eoru·

62 2878 232 2950 punctionis
247 2879 371 2961 ardore,
385 2879 424 2943 ab
439 2878 535 2959 bujrrs
549 2879 657 2944 soeculi
672 2878 812 2944 vanitate
826 2882 990 2963 separasti,
1064 2900 1067 2915 ·

62 2980 177 3053 ctiomu
193 2988 436 3055 couversatione
450 2992 576 3052 terrena
590 2987 770 3070 discernes3
786 2994 819 3053 et
842 2989 989 3071 gretiam,

64 3105 116 3168 quo
136 3096 167 3160 in
194 3102 225 3162 te
249 3101 465 3178 perseverent,
480 3095 639 3177 infundas,
656 3100 692 3160 ut
706 3095 912 3176 protectionis
926 3102 990 3162 tuoe

65 3203 196 3273 presidio
211 3203 338 3284 muniti,
350 3204 477 3289 quodie
487 3203 624 3268 donante
634 3202 790 3283 affectent,
801 3209 833 3267 te
846 3201 990 3283 adjutore

66 3310 239 3392 compleant,
263 3316 299 3374 ut
319 3328 386 3401 suae
401 3310 604 3392 professionis
618 3312 805 3375 executores
819 3309 933 3393 effecti,
949 3311 989 3375 ud

68 3422 97 3472 ia
106 3431 172 3496 quae
195 3417 472 3499 perseverantibus
485 3416 520 3480 in
533 3421 566 3481 te
579 3415 764 3497 promittere
777 3415 926 3498 dignatus
941 3432 988 3497 cs,

68 3512 180 3591 feliciter
207 3522 402 3606 pertingunt.
434 3522 492 3601 Qui
516 3521 596 3587 vivis
620 3526 654 3587 et
677 3538 791 3604 regnos
814 3523 848 3588 in
872 3521 989 3589 soeculo

71 3634 252 3702 seruorum.
267 3634 379 3700 lmen.
