2354 4120
494 316 635 368 ..v-

83 442 114 507 et
127 456 245 508 uxores
258 455 326 507 non
346 437 495 521 babeant,
509 440 561 505 vel
580 438 607 503 si
620 437 751 521 babent,
766 441 800 505 et
817 436 885 520 jam
898 450 1027 506 monas*

82 550 201 616 terium
214 548 406 615 intraverint
420 564 546 631 uxores,
568 547 620 613 vel
635 547 797 613 licentiam
809 549 857 614 eis
871 548 1028 629 dederint,

82 657 271 723 auctoritate
286 655 462 721 Dioecesaui
475 654 630 737 Episcopi,
653 660 726 720 voto
741 655 942 722 continentie
960 655 1028 738 Jam

83 764 215 846 emisse,
240 768 272 829 et
285 761 374 827 illius
389 761 452 827 sint
470 760 575 827 aetatis
595 777 721 843 uxores
737 763 823 844 quod
845 780 910 829 non
929 763 1031 845 possit
1072 812 1081 821 ,

84 872 123 938 de
136 872 189 938 eis
199 870 275 936 oriri
289 869 447 952 suspicio;
463 870 569 935 dicant
583 869 647 935 illis
658 870 794 934 verbum
808 870 911 936 Sancti
924 871 1026 936 livan-

85 979 184 1061 gelii:
201 979 288 1060 quod
302 978 430 1059 radant,
454 981 485 1041 et
499 978 637 1043 vendant
650 977 755 1042 omnia
775 993 844 1059 sua,
864 981 897 1043 et
909 993 948 1043 ea
961 982 1030 1042 stu·

85 1085 185 1151 deant
202 1085 396 1167 pauperibus
411 1100 551 1165 erogare.
569 1085 656 1162 Quod
670 1084 697 1149 si
714 1083 818 1173 ¹facere
831 1100 894 1149 non
917 1088 1030 1165 potue·

85 1192 162 1274 rint,
179 1191 295 1256 sufficit
308 1191 356 1256 eis
377 1191 461 1256 bona
475 1191 631 1256 voluntas.
648 1192 683 1256 lit
698 1194 831 1259 caveant
848 1191 982 1273 Fratres
997 1198 1031 1258 et

85 1314 201 1365 eorum
213 1297 358 1379 Ministri,
381 1313 422 1362 ne
435 1296 561 1363 solliciti
574 1298 640 1362 sint
653 1298 693 1363 de
707 1297 804 1362 rebus
826 1296 893 1363 suis
906 1302 1030 1380 tempo-

86 1407 221 1489 ralibus,
239 1411 275 1470 ut
288 1405 391 1471 libere
411 1405 577 1491 iaciantde
600 1405 696 1471 rebus
717 1405 784 1469 suis
798 1404 955 1488 qrridquid
975 1404 1031 1471 lio

87 1512 195 1577 minus
208 1509 412 1592 inspiraverit
427 1510 484 1576 eis.
497 1509 527 1575 Si
540 1514 648 1575 tamen
659 1510 827 1576 consilium
837 1511 1027 1596 requiratur,

86 1619 249 1686 licentiam
274 1617 413 1685 babeant
436 1618 566 1684 llinistri
590 1618 738 1684 mittendi
762 1635 817 1684 eos
841 1620 881 1684 ad
904 1617 1029 1702 aliquos

87 1727 187 1793 lleum
199 1726 365 1808 timentes,
379 1743 516 1808 quorum
530 1725 661 1791 consilio
674 1726 757 1791 bona
770 1744 828 1792 sua
837 1724 1029 1808 pauperibus
1067 1754 1073 1769 ·

88 1838 271 1914 erogentur.
296 1832 407 1897 Postea
426 1833 598 1897 concedant
611 1831 658 1896 eis
679 1848 801 1912 pennos
821 1829 1028 1913 probationis

89 1940 257 2006 videlicet:
275 1940 354 2003 duas
376 1938 499 2003 tunicas
512 1937 582 2003 stne
595 1938 732 2021 caputio,
749 1943 781 2004 et
802 1938 979 2019 cingulum,
996 1942 1029 2003 et

88 2051 232 2133 brachas,
243 2054 277 2115 et
290 2065 478 2129 caperonem
487 2064 589 2130 usque
599 2048 638 2112 ad
647 2047 823 2130 cingulum,
835 2047 898 2112 nisi
907 2046 1030 2112 eisdem

89 2160 238 2225 llinistris
258 2158 347 2223 aliud
370 2158 545 2223 secundum
565 2157 664 2222 lleum
681 2155 851 2238 aliquando
872 2155 1031 2222 videatur.

90 2267 191 2331 linito
206 2269 281 2331 voro
297 2282 379 2330 auno
393 2262 598 2346 probationis,
614 2263 806 2344 recipiantur
820 2265 860 2329 ad
877 2263 1030 2328 obedien-

89 2375 178 2456 tiam,
203 2372 425 2456 promittentes
445 2372 542 2436 vitam
563 2371 657 2437 istam
672 2387 809 2453 semper,
825 2374 857 2436 et
874 2370 1029 2450 Regrdam

90 2480 268 2546 observare.
284 2481 322 2544 Et
337 2479 425 2545 nullo
440 2479 532 2545 modo
547 2478 657 2557 licebit
672 2477 718 2543 eis
738 2478 778 2543 de
791 2477 852 2542 ista
864 2476 1029 2559 Religione

90 2589 186 2671 exire,
197 2587 286 2669 justa
300 2587 484 2651 mandatum
497 2584 620 2650 Domini
633 2586 735 2668 Papae,
756 2585 832 2667 qnia
853 2584 1029 2651 secundum

90 2696 237 2761 Sanctum
250 2693 473 2774 Evangelium:
490 2694 589 2757 ll'emo
597 2695 730 2757 mittens
743 2712 885 2756 moseum
898 2694 943 2757 od
955 2710 1031 2755 orc-

92 2811 190 2886 trum,
205 2810 235 2867 ct
256 2803 427 2889 respiciens
442 2808 536 2883 retro,
553 2809 646 2883 optus
659 2808 705 2865 cst
723 2789 909 2883 cepoo‘lloc'.
933 2801 968 2865 ut
982 2799 1029 2864 illi

90 2911 144 2993 qui
154 2910 221 2993 jbm
233 2909 449 2993 promiserunt
466 2908 692 2991 obedientiam,
713 2908 852 2975 habeant
865 2924 963 2974 unam
976 2914 1027 2973 tu-

91 3018 191 3084 meam
203 3036 276 3084 cum
290 3017 430 3099 caputio,
445 3021 478 3083 et
492 3017 586 3082 aliam
599 3016 668 3084 sine
684 3016 821 3099 caputio,
837 3016 893 3099 qui
913 3016 1024 3082 volue-

92 3123 151 3190 rint
162 3124 289 3191 babere.
315 3125 350 3190 llt
372 3124 428 3207 qui
441 3123 628 3190 necessitate
642 3128 799 3206 coguntur
812 3124 935 3206 possint
952 3143 1026 3207 por-

92 3238 155 3299 tare
168 3232 390 3298 calceamenta.
403 3231 438 3296 llt
447 3232 568 3297 Fratres
578 3246 689 3296 omnes
698 3231 896 3298 vestimentis
909 3231 1026 3298 vilibus

92 3339 268 3422 induantur,
284 3342 317 3406 et
336 3337 458 3419 possint
482 3355 519 3404 ea
532 3337 688 3421 repetiere
710 3339 750 3404 de
771 3337 881 3420 saccis,
898 3344 931 3406 et
953 3339 1024 3406 aliis

93 3447 193 3529 petiis,
209 3463 283 3512 cum
295 3445 517 3511 benedictione
531 3445 594 3511 liei.
616 3446 698 3523 Quos
715 3463 841 3529 moneo,
865 3452 898 3513 et
911 3447 1024 3514 exhor-
1053 3464 1060 3473 ’

91 3555 146 3633 tor,
160 3567 200 3618 ne
213 3550 403 3633 despiciant,
424 3566 529 3634 neque
545 3550 691 3632 iudicent
703 3549 859 3634 homines,
880 3569 961 3633 quos
975 3552 1024 3616 vi-

91 3657 186 3725 derint
198 3657 350 3725 mollibus
363 3657 572 3740 vestimentis,
595 3662 629 3723 et
651 3656 796 3723 coloratis
809 3657 949 3741 indutos,
974 3658 1022 3724 uti
