2354 4120
430 242 626 297 -xm-

255 506 269 525 φ
378 451 380 455 ’
453 436 601 488 omnum&

107 583 225 652 Domine
239 587 317 653 lesu
331 585 462 668 (insule,
487 586 543 668 qui
566 587 658 650 Beato
672 586 764 650 Petro
778 583 926 666 Apostolo
940 587 996 647 tuo

75 689 238 770 significans
252 713 319 777 qua
331 699 434 761 morte
448 694 673 760 clarificaturus
694 698 778 759 esset
793 694 902 775 llenm,
917 708 999 773 pree-

75 797 167 865 dixisti
175 802 343 884 peralium
357 803 392 867 in
406 806 570 868 senectute
583 802 691 885 ipsum
704 803 771 868 tore
785 801 978 883 cingendum
991 821 1000 882 3

73 903 210 973 ltmulum
238 914 335 975 tuum
361 911 489 976 fratrem
515 912 659 973 nostrum
685 909 721 973 N.
749 924 844 992 quem
871 907 999 988 cingulo

72 1018 172 1078 rostrae
198 1016 406 1082 fraternitatis
441 1015 676 1099 praecinximus,
705 1020 771 1096 tua,
800 1029 996 1097 quaesumuS,

70 1120 206 1189 clamate
229 1122 407 1207 praecinge,
431 1124 479 1187 tui
501 1122 639 1188 nominis
657 1128 747 1188 metu
761 1123 891 1187 salutari
905 1138 999 1187 cons-

71 1228 170 1313 tringe,
193 1239 225 1298 et
240 1249 296 1297 cor
310 1231 380 1313 ejus
394 1230 532 1312 regulari
545 1230 641 1311 alliga
654 1230 830 1313 disciplina,
847 1235 885 1295 ut
900 1235 953 1295 tua
968 1229 999 1294 ei

67 1336 228 1415 opitulante
238 1338 354 1420 gratia,
367 1338 489 1403 solutus
499 1341 531 1403 et
540 1336 859 1418 liberatusamundo,
877 1342 998 1417 tuoque
1082 1401 1085 1405 ,

67 1441 179 1509 rinctus
201 1444 347 1527 servitio,
371 1444 406 1509 in
428 1443 552 1510 Ordinis
575 1460 672 1526 quem
693 1443 864 1525 assumpsit
889 1445 997 1510 obser-

64 1553 167 1636 vantia,
182 1554 339 1637 usquein
352 1554 448 1618 linem
457 1553 576 1635 jugiter
589 1559 780 1635 perseveret.
795 1554 853 1634 Qui
868 1554 950 1620 vivis
965 1560 999 1620 et

63 1672 165 1739 regnas
177 1661 212 1725 in
227 1661 350 1726 saecula
363 1661 563 1725 saeculorum.
580 1662 690 1727 Amen.

95 1767 136 1832 On
147 1770 262 1836 chante
277 1768 405 1857 ensuite
418 1768 498 1835 lele
510 1770 621 1853 Deum,
632 1772 773 1852 pendant
787 1771 818 1835 la
831 1771 996 1838 recitation

62 1871 168 1958 doquel
184 1877 216 1944 le
238 1878 403 1944 celebrant
421 1883 453 1942 et
475 1882 546 1943 tous
560 1879 607 1945 les
622 1879 780 1960 religieux
794 1897 851 1961 par
864 1880 994 1947 ancien-

62 1988 126 2049 nete
146 1986 282 2070 d’lrabit,
307 1986 447 2051 donnent
464 2002 506 2050 au
519 1986 633 2053 morice
646 1987 678 2053 le
692 1986 798 2053 baiser
812 1987 852 2053 de
867 1988 940 2070 paix
956 2004 996 2054 en
1128 2044 1132 2051 .

63 2104 107 2155 ces
118 2096 234 2159 termes
248 2116 256 2157 :

94 2200 169 2267 leus
181 2203 237 2268 det
252 2201 315 2267 tibi
335 2217 446 2285 paoem
465 2219 539 2269 oum
560 2203 797 2285 perseverantia
820 2202 875 2287 (ou
902 2204 990 2290 bien)

62 2305 243 2377 Paxmcum.

95 2442 224 2512 fletui-oi
237 2446 364 2529 repono
377 2463 480 2531 amen,
496 2462 539 2515 ou
553 2447 630 2513 Cum
644 2445 758 2530 spiritu
774 2452 839 2514 tuo.

94 2605 130 2672 le
142 2609 241 2675 Deum
254 2608 440 2673 laudamus:
457 2613 490 2674 te
504 2608 866 2675 Dominumconlitemur.

93 2712 129 2778 le
141 2722 304 2780 aeternum
317 2714 460 2778 Patrem:
476 2713 579 2778 omnis
594 2719 679 2780 terra
693 2720 872 2780 veneratur.

93 2817 153 2884 libi
166 2838 282 2887 omnes
297 2818 423 2901 Angeli:
440 2820 499 2884 tibi
513 2819 586 2885 toeli
598 2821 794 2885 etuniversae
808 2824 991 2903 potestates.

75 2927 152 3093 llibi
167 2927 343 2995 Cherubim
366 2933 399 2992 et
421 2927 603 3009 Seraphim:
630 2927 812 2993 incessabili
825 2945 902 2996 voce
920 2948 994 3012 pro-

62 3039 196 3098 comant.

94 3140 235 3223 Sanctus
252 3140 398 3218 Sanctus,
416 3139 567 3206 Sanctus:
590 3139 739 3207 Dominus
753 3142 835 3208 Deus
849 3143 993 3213 Sabaoth.

96 3246 177 3314 Pleni
192 3253 270 3314 sunt
281 3246 355 3313 coeli
369 3250 401 3311 et
416 3251 516 3311 terra:
533 3246 705 3330 majestatis
719 3249 828 3331 gloriae
841 3257 905 3319 tuae

95 3356 131 3422 lc
144 3358 324 3439 gloriosus:
341 3354 561 3438 Apostolorum
575 3356 700 3424 chorus

95 3464 131 3531 le
143 3467 397 3548 Prophetarum:
413 3465 582 3531 laudabilis
595 3485 758 3536 numerus.

96 3573 132 3641 lo
144 3578 315 3662 llartyrum
330 3575 535 3643 candidatus:
552 3576 659 3644 laudat
672 3579 842 3646 exercitus

835 3701 872 3752 111
1023 3750 1028 3755 .
