2354 4120
437 311 475 327 ··
496 291 561 345 lxv
583 313 618 327 ··

461 489 509 553 Ps.
534 488 603 553 132.

98 675 170 741 leoe
197 690 301 758 quam
324 674 443 740 bonum
471 675 504 738 et
528 688 625 754 quam
651 670 835 754 iucundum,
859 670 1003 738 habitare

65 780 164 849 iratres
175 782 211 847 in
226 798 346 847 unum.

96 891 177 956 Sicut
191 893 402 974 unguentum
416 888 450 954 in
464 887 585 969 eapite:
602 885 688 969 quod
704 886 866 955 deseendit
880 886 914 951 in
927 886 999 952 bar-

65 994 137 1080 bam,
151 999 292 1064 barbam
306 997 420 1061 Aaron.

95 1105 179 1183 Quod
200 1103 373 1172 deseendit
395 1102 429 1168 in
450 1119 538 1169 oram
550 1102 733 1169 vestimenti
747 1101 836 1184 eJus:
853 1100 934 1168 siout
948 1118 1000 1168 ros

63 1211 188 1279 Hermon
201 1213 262 1296 qni
278 1211 445 1278 deseendit
458 1211 492 1275 in
507 1215 649 1276 montem
663 1210 747 1276 Sion.

93 1320 247 1401 Quoniam
262 1294 332 1384 illio
346 1317 506 1383 mandavit
520 1317 670 1384 Dominus
679 1316 952 1400 benedictionem
966 1323 1000 1383 et

63 1423 149 1491 vitam
161 1444 272 1509 usque
286 1426 321 1490 in
335 1425 497 1491 saeenlum.

95 1534 191 1600 Gloria
205 1533 304 1618 Patri,
319 1538 394 1616 eto,
411 1537 471 1599 eto.
487 1532 572 1597 Siout
587 1538 665 1616 erat,
681 1538 757 1615 eto,
773 1538 848 1600 eto.)

94 1670 132 1735 Le
144 1670 317 1736 Celebrant
331 1669 444 1734 obante
457 1685 494 1734 oe
508 1668 564 1750 qui
584 1668 668 1734 suit:

97 1800 127 1883 i.
149 1803 307 1868 Confirma
325 1803 386 1867 hoo
401 1802 494 1886 Deus,
519 1803 604 1884 quo'd
618 1808 767 1884 operatus
790 1820 824 1869 es
837 1803 871 1868 in
893 1801 995 1877 nobis.

94 1908 127 1991 b.
149 1911 311 1993 lltemplo
326 1916 434 1977 saneto
450 1915 515 1994 tuo,
531 1912 616 1992 quod
631 1915 680 1976 est
700 1912 734 1976 in
748 1911 934 1977 Jerusalem.

449 2116 593 2165 OREMUS.

89 2235 995 2349 oeus‚quiperoooetemumliliumtuumounotaoreasti,

64 2370 172 2454 quique
181 2373 342 2439 mundum
354 2372 492 2453 peccatis
506 2371 730 2452 inveteratum,
746 2385 802 2456 per
815 2369 996 2451 Mysterium

64 2471 281 2545 lneamationis
295 2479 377 2561 ejus,
398 2495 550 2545 renovare
567 2478 716 2558 dignatus
731 2494 777 2558 es,
793 2481 825 2541 to
840 2475 1000 2558 supplices

66 2595 243 2669 exoramus,
269 2591 307 2650 ut
334 2603 430 2667 super
457 2587 542 2650 huno
569 2584 725 2650 famulum
750 2587 843 2649 tuum
870 2584 998 2651 fratrem
1059 2582 1067 2603 “

66 2695 199 2757 nostrum
207 2694 242 2758 N.
259 2692 304 2776 (l)
321 2693 378 2775 qui
391 2693 487 2758 hodie
497 2693 531 2759 in
545 2694 605 2757 hoo
619 2699 725 2757 sancto
735 2691 853 2773 templo
865 2695 931 2773 tuo,
947 2709 1000 2757 va·

66 2795 186 2864 nitatem
195 2800 311 2866 mundi
326 2805 358 2867 et
369 2816 502 2881 pompas
512 2798 694 2882 diabolicas,
703 2815 760 2880 per
772 2804 889 2865 nostrae
898 2798 998 2867 servi-

67 2903 134 2968 tutis
149 2907 371 2988 llinisterium,
384 2910 457 2970 voto
469 2906 602 2972 solemni
612 2905 837 2971 abrenuntiare
846 2904 998 2988 decrevit,

68 3005 104 3073 ita
115 3014 271 3097 respicere
281 3014 436 3097 digneris,
451 3019 487 3079 ut
497 3014 612 3096 spimtu
620 2999 738 3079 mentis
748 3030 815 3077 suae
828 3018 1000 3079 renovatus

69 3121 368 3188 roeremuominem
380 3138 454 3215 oum
463 3121 586 3187 actibus
602 3120 668 3186 suis
679 3135 808 3200 exuere,
820 3124 851 3185 et
866 3137 999 3203 novum,

70 3223 115 3301 tui
131 3231 303 3294 secundum
327 3229 427 3294 Deum
441 3233 565 3294 creatus
590 3232 650 3310 est,
672 3227 805 3292 induere
826 3231 996 3291 mereatur.

74 3327 118 3395 Per
132 3338 276 3405 eumdem
297 3336 456 3402 Christum
475 3336 643 3402 Dominum
657 3340 813 3399 nostrum.
829 3335 865 3400 R.
885 3335 995 3403 Amen.

81 3520 591 3546 m

98 3648 127 3715 (l)
141 3655 174 3708 lei
185 3657 209 3711 le
223 3660 371 3714 Celebrant
387 3658 466 3727 plene
478 3658 505 3711 le
519 3641 585 3710 nom
602 3656 636 3709 de
648 3656 774 3725 Religion
790 3655 829 3707 du
845 3654 950 3707 Proles.
