2354 4120
512 292 548 310 u
569 272 649 325 XLIV
673 287 709 307 U

139 393 227 465 tione
235 393 382 476 docuisti,
395 395 436 460 da
449 392 541 459 nobis
554 393 588 457 in
599 392 713 458 eodem
726 388 843 473 Spiritu
856 394 942 458 recta
956 405 1082 473 sapere,

141 509 174 569 et
195 505 236 569 de
254 502 322 585 ejus
345 517 470 582 semper
491 498 707 567 consolatione
722 500 880 580 gaudere:
906 498 963 564 Per
977 497 1086 564 Giris-

139 616 209 679 tum
223 611 391 677 Dominum
405 613 557 675 nostrum.
575 608 684 675 dmcn.

180 720 309 786 Ensuite
321 719 353 785 le
367 718 529 784 celebrant
543 720 683 781 montet
702 714 811 781 l’autel
825 719 858 780 et
879 714 910 781 le
923 716 1089 796 postulant

27 866 34 881 ·
144 826 242 892 recite
263 825 295 891 le
318 825 482 905 Confiteor,
502 824 689 889 demeurant
705 820 945 902 prolondcment
967 820 1088 886 incline

143 932 272 1015 jusqu’a
293 948 330 997 ce
352 931 430 1014 qu’il
451 930 496 995 ait
514 946 589 1010 recu
617 929 648 993 la
671 926 872 994 benedictiou
897 927 1020 1008 papale.
1045 928 1089 992 Le

142 1038 301 1105 celebrant
315 1039 412 1104 recite
433 1038 464 1104 le
478 1038 671 1118 llisereatur,
685 1034 939 1115 l’lndulgcntiam
954 1039 985 1100 et
1000 1033 1088 1100 l'db·

143 1145 282 1212 solutiou
295 1146 336 1212 de
349 1146 565 1227 l’lndolgence
577 1144 719 1226 pleniore
734 1159 775 1208 en
787 1158 841 1208 cos
855 1146 972 1207 termes
985 1160 1009 1201 ε.

183 1253 333 1319 Dominus
346 1257 453 1319 noster
468 1254 560 1318 Jesus
570 1251 720 1333 Christus
734 1266 791 1331 per
803 1265 894 1314 suam
908 1247 1088 1331 piissimam

142 1360 392 1426 misericordiam
414 1364 446 1424 et
464 1358 577 1423 merita
599 1374 665 1422 snae
687 1356 909 1422 sacratissimae
927 1356 1088 1438 passionis

143 1473 177 1534 te
190 1469 342 1548 absolvat,
358 1472 391 1534 et
404 1466 539 1548 gratiam
561 1466 621 1531 tibi
635 1465 800 1531 infundat:
825 1469 857 1529 et
871 1480 931 1545 ego
943 1465 1088 1529 auctori-

142 1580 209 1640 tate
222 1573 462 1657 privilegiorum
488 1578 595 1637 nostro
611 1571 719 1636 Ordiui
742 1569 909 1636 asummis
927 1571 1087 1652 pontilici-

143 1680 206 1745 hus
220 1679 427 1761 indultorum,
443 1678 571 1744 absolvo
586 1682 618 1741 te
633 1676 673 1740 ab
687 1674 775 1740 omni
789 1675 947 1740 sententia
959 1677 1089 1758 maj0ris

145 1786 198 1852 vel
219 1785 351 1850 minoris
375 1781 720 1865 excommunicationis
746 1782 773 1846 si
797 1798 892 1863 quam
912 1782 1086 1865 incurristi,

79 1890 84 1903 ’
145 1899 252 1960 tecum
278 1893 465 1975 dispensans
492 1891 526 1955 in
550 1872 636 1955 omn'i
662 1888 820 1955 sententia
846 1889 1086 1972 suspensionis,

146 2000 389 2081 irregularitatis
410 2004 444 2065 et
469 1998 640 2079 interdicti,
667 1996 694 2061 si
718 2013 814 2078 quam
836 1998 1032 2079 contraxisti,
1055 2005 1088 2064 et
1166 2012 1170 2015 ·

146 2108 279 2172 restituo
303 2112 334 2173 te
354 2105 560 2171 sacramentis
579 2109 785 2169 sacrosancte
798 2103 907 2167 matris
928 2104 1085 2187 Ecclesiae,

147 2216 341 2282 ctomnibus
354 2214 477 2279 actibus
499 2212 651 2292 legitimis
673 2216 706 2276 et
720 2211 893 2291 plenariam
914 2212 1086 2293 indulgen·

146 2322 223 2387 tiam
238 2321 299 2387 tibi
312 2321 462 2386 concedo.
479 2319 513 2383 ln
528 2318 657 2384 nomine
670 2317 769 2384 Patris
782 2321 814 2383 et
828 2317 895 2382 Filii
909 2324 929 2392 †
942 2324 975 2384 et
989 2319 1085 2400 Spiri-

146 2433 199 2493 tus
213 2427 327 2493 Sancti.
344 2427 455 2492 Amen.

227 2535 258 2615 i.
281 2532 619 2599 Dominusvobiscum.

229 2641 263 2723 ri.
286 2642 322 2707 El
335 2658 409 2706 cum
423 2639 539 2722 Spiritu
552 2645 618 2704 tuo.

548 2898 691 2946 OREMUS.
769 2856 774 2866 ·

190 3084 282 3169 Deus,
298 3085 390 3168 quia
412 3086 520 3152 saeculi
534 3087 673 3153 vanitate
695 3101 862 3153 conversos
885 3089 924 3153 ad
943 3089 1088 3155 bravium

151 3210 296 3273 supemae
324 3194 497 3259 vocationis
524 3194 690 3273 accendis,
715 3199 747 3260 et
776 3195 832 3277 qui
856 3195 1088 3263 renuntiatibus

150 3301 267 3365 saeculo
289 3300 470 3366 mansiones
490 3316 582 3382 paras
604 3301 637 3365 in
652 3301 760 3367 coelis:
783 3301 880 3367 dilata
901 3320 955 3369 oor
976 3303 1087 3369 famuli

150 3407 198 3472 tui
221 3407 403 3474 caelestibus
424 3408 528 3492 donis,
551 3414 588 3473 ut
602 3409 739 3475 iratema
759 3409 926 3475 nobiscum
942 3415 1088 3476 teneatur

150 3515 336 3596 compagine
363 3515 535 3598 charitatis,
564 3516 733 3599 unanimis,
758 3522 919 3601 conciano,
948 3518 1085 3602 sobrius,

150 3623 285 3708 simplex
298 3630 332 3692 ct
345 3625 485 3709 quietus,
500 3625 656 3708 regularia
669 3631 848 3693 sanctorum
858 3630 986 3710 patrum
998 3627 1087 3693 insti·
