2354 4120
465 305 648 359 -XLv-

89 430 150 490 tuta
162 425 334 509 custodiat,
351 430 383 492 et
396 427 436 491 ad
449 443 535 511 eum,
555 444 651 510 quem
665 432 698 492 te
713 424 888 508 inspirante
902 425 1022 508 periec-

86 534 174 600 tionis
188 534 339 616 spiritum
359 536 515 618 concepit,
530 540 562 601 te
576 535 756 618 adjuvante,
770 534 943 617 perveniat.
966 536 1023 601 Per

37 726 48 737 a
86 641 239 708 Christum
252 642 422 708 Dominum
435 646 592 708 nostrum·
605 643 715 709 Amen.
855 652 858 659 '

481 912 625 961 OREMUS.

123 1137 256 1203 Domine
268 1138 344 1203 iesu
358 1136 489 1220 Christe,
503 1138 581 1220 iux,
597 1138 683 1203 salus
698 1142 731 1203 et
741 1138 890 1203 fortitudo
905 1142 1024 1220 nostra,

86 1244 249 1310 humiliter
263 1245 415 1327 petimus,
443 1249 479 1309 ut
500 1244 654 1310 famulum
676 1250 769 1310 tuum
791 1261 887 1327 quem
910 1248 1027 1309 saneta

87 1353 341 1434 compunctionis
355 1353 476 1434 ardore,
492 1353 531 1416 ab
550 1350 646 1433 hujus
661 1352 768 1417 saeculi
782 1352 921 1416 vanitate
934 1367 1025 1431 sepa·

86 1462 173 1545 rasti,
188 1461 286 1527 etiam
300 1478 319 1524 a
332 1460 570 1526 conversatione
584 1465 711 1526 terrena
723 1461 902 1543 discernas3
915 1465 946 1526 et
958 1478 1028 1542 gra·

86 1570 173 1653 tiam,
190 1586 255 1650 qua
277 1568 312 1632 in
324 1574 358 1633 te
380 1574 562 1651 perseveret
584 1569 742 1651 infundas,
767 1574 803 1633 ut
824 1569 1029 1650 protectionis

89 1683 151 1742 tuae
174 1675 325 1759 praesidio
350 1676 504 1758 munitus,
521 1676 607 1757 quod
630 1681 662 1742 te
685 1676 822 1742 donante
845 1677 980 1759 affectat,
996 1681 1028 1743 te

88 1783 230 1865 adjmore
252 1782 420 1864 compleat,
436 1786 473 1846 ut
494 1773 561 1847 suae
585 1782 787 1863 professionis
809 1789 958 1849 executor
980 1782 1028 1848 ei-

89 1890 201 1973 ieetus,
224 1889 266 1954 ad
283 1905 322 1954 ea
344 1905 417 1971 quae
439 1888 713 1969 perseverantibus
736 1890 771 1953 in
791 1893 824 1955 te
846 1889 1030 1972 promittere

88 1996 239 2079 Dignatus
252 2013 300 2079 es,
315 1996 449 2063 feliciter
462 1995 632 2079 pertingat.
650 1997 708 2076 Qui
725 1997 808 2065 vivis
822 2003 854 2065 et
868 1999 1029 2080 regnasiu

88 2105 204 2172 saecula
218 2104 422 2171 sacculorum.
436 2103 547 2172 Amen.

492 2358 636 2410 OREMUS.

127 2554 279 2622 Actiones
307 2559 447 2639 nostras,
475 2573 660 2639 qrraesumus
688 2555 832 2640 Domine,
867 2550 1034 2637 aspirando

91 2666 230 2746 praeveni
252 2670 285 2730 et
307 2660 711 2750 adjuvando‘prosequere:
731 2670 769 2732 ut
791 2670 905 2730 cuncta
927 2667 1036 2728 nostra

92 2771 188 2836 oratio
199 2778 234 2838 et
248 2770 391 2851 operatio
400 2787 419 2833 a
428 2774 460 2836 te
475 2787 601 2853 semper
613 2771 755 2855 incipiat,
770 2777 803 2837 et
818 2787 875 2853 per
887 2773 919 2837 te
933 2773 1036 2849 coepta

92 2875 230 2943 finiatur.
248 2877 305 2942 Per
318 2875 475 2943 Christum
488 2877 654 2943 Dominum
667 2884 821 2943 nostrum.
838 2878 948 2942 Amen.

132 2986 173 3052 Le
186 2984 350 3050 celebrant
363 3001 399 3050 se
412 2985 525 3050 tourne
538 2986 584 3050 du
604 2988 673 3050 cote
687 2988 729 3050 ori
744 3002 779 3052 se
792 2990 906 3052 trouve
922 2983 1034 3052 l'irabit

95 3097 128 3158 et
141 3094 172 3158 le
185 3091 276 3158 benit
289 3107 330 3156 en
345 3107 398 3157 ces
411 3097 547 3159 termes:

135 3225 169 3311 i.
191 3226 390 3308 Adjutorium
404 3232 548 3294 nostrum
562 3229 595 3297 in
609 3230 738 3298 nomine
752 3227 882 3295 Domini.

135 3332 169 3415 ri.
192 3335 251 3413 Qui
264 3334 376 3401 iecit...
394 3339 454 3400 etc.

138 3440 168 3525 t.
191 3443 235 3509 Sit
248 3459 366 3509 nomen
379 3443 502 3513 Domini
515 3446 730 3516 benedictum.

139 3548 174 3632 D.
195 3551 239 3615 Dr
252 3551 312 3616 hoe
325 3567 451 3618 nunc...
468 3559 529 3624 etc.

145 3655 178 3750 t.
199 3659 330 3730 Domine
343 3659 460 3728 exaudi
475 3666 648 3736 orationem
661 3680 774 3735 meam.
